3240 5304
750 571 791 637 17

211 861 229 942 ς
254 864 282 923 2.
320 859 576 944 Geoqrophorum
599 859 636 923 de
656 859 780 940 populis
800 859 940 939 petrium
963 864 1103 922 nostram
1127 857 1332 922 incolentibus

682 972 865 1036 testimonia.

253 1183 428 1268 Postquam
456 1187 555 1269 igitur
586 1185 625 1250 de
648 1187 768 1270 patriae
793 1191 920 1249 nostrae
943 1185 1058 1248 incolis
1082 1190 1185 1248 aetate
1206 1182 1331 1247 Tacitae

210 1298 415 1378 absolvimus,
450 1300 625 1364 videndum
666 1307 724 1378 est,
754 1299 912 1384 numquid
948 1301 980 1362 in
1017 1298 1204 1363 auctoribus
1229 1305 1333 1382 poste-

209 1411 348 1477 rioribus
382 1415 520 1478 inveniri
556 1415 666 1498 possit,
700 1433 742 1477 ex
773 1433 837 1497 quo
870 1412 1020 1476 concludi
1044 1418 1152 1496 posset
1175 1413 1330 1496 populum

210 1527 349 1610 aliquem
376 1528 426 1590 vel
450 1546 467 1591 e
490 1528 593 1610 patria
616 1527 734 1590 abiisse
755 1526 807 1590 vel
819 1528 852 1588 in
867 1545 904 1590 ea
916 1528 1119 1606 remansisse,
1132 1546 1329 1611 quamquam

211 1640 339 1704 sedibus
374 1643 514 1716 mutatis
550 1641 599 1704 vel
632 1641 762 1704 aliunde
792 1647 870 1703 tuno
893 1642 1032 1724 primum
1057 1643 1091 1703 in
1115 1643 1217 1725 patria
1240 1641 1332 1706 sedes

210 1758 363 1841 posuisse.

254 1869 304 1933 Ex
326 1871 376 1949 iis,
399 1869 518 1954 quide
541 1869 600 1932 hao
623 1889 657 1934 re
676 1875 821 1952 egerunt,
833 1847 974 1953 tempore
986 1875 1057 1952 post
1068 1868 1212 1933 Tacitum
1226 1873 1332 1954 proxi·

211 2004 283 2047 mus
306 1990 356 2048 est
378 1983 593 2062 Pausaniam,
617 1984 649 2045 in
674 1984 767 2064 eujus
792 1983 1018 2068 Geographiois
1040 1985 1117 2048 haee
1136 1985 1275 2068 legimus
1289 1975 1330 2062 1);

254 2105 320 2170 Τῆς
353 2101 505 2173 Βελνιαῦς
528 2095 668 2169 Γαλλόας
794 2099 810 2172 ἦ
834 2096 961 2177 οὶρκτιιιὶι
983 2097 1034 2161 καὶ
1060 2097 1144 2178 παρόν
1167 2098 1217 2162 τὸν
1241 2107 1331 2178 Βρετ-

211 2211 344 2276 ταννικόν
368 2209 489 2274 ὠκεανόν
513 2208 581 2290 ἔχει
605 2205 696 2284 οὕτως

255 2322 347 2388 ’Ίτιον
370 2321 457 2404 όικρον

255 2439 430 2520 Γνσοριααὸν
454 2439 576 2503 ἐπίνειον
599 2445 728 2519 Μορινῦν

256 2550 409 2630 Ταβοῦλα
434 2556 575 2630 ποταμοῦ
600 2553 729 2631 ἕκβολαό

255 2667 451 2746 Λουγοῦοννον
473 2672 632 2750 Βαταουῦν

257 2782 355 2857 Ῥήνου
381 2785 522 2860 ποταμοῦ
544 2781 579 2846 τό
602 2781 744 2860 δασμικόν
768 2782 870 2861 στόμα

257 2896 292 2959 τὸ
316 2894 405 2974 μέσον
428 2894 531 2973 στόμα
554 2899 607 2959 τοῦ
633 2901 774 2974 ποταμοῦ

255 3011 287 3073 τὸ
310 3010 487 3075 ἀνατολικὸν
510 3009 613 3088 στόμα
636 3014 689 3074 τοῦ
714 3015 866 3088 ποταμοῦ.

256 3124 297 3189 st
331 3133 440 3208 postea
452 3122 478 3201 ²)
509 3125 688 3190 Bellovacis
720 3125 955 3208 Ambianisque
980 3127 1170 3190 nominatis:
1195 3124 1260 3203 μεθ’
1286 3122 1334 3198 οὓς

213 3234 341 3316 Μορινοὶ,
365 3232 401 3300 ὧν
423 3234 510 3309 πόλις
532 3236 688 3315 μεσόγειος
710 3235 894 3318 Ταρονόννα.
916 3233 984 3303 εἶτα
1005 3237 1087 3316 μετόι
1100 3238 1150 3302 τὸν
1163 3236 1334 3316 Ταβοῦλαν

213 3351 351 3427 ποταμὸν
373 3349 522 3430 Τοῦγγροι
547 3350 596 3414 καὶ
620 3350 710 3423 πόλις
733 3349 960 3415 Ἀτονότονκον
985 3346 1055 3415 εἶτα
1073 3350 1157 3429 μετόν
1168 3350 1216 3414 τὸν
1229 3349 1335 3415 Μόσαν

212 3464 347 3541 ποταμόν
370 3462 521 3528 Μενόπιοι
545 3463 598 3528 καὶ
622 3463 712 3536 πόλις
735 3465 833 3528 αὐτῶν
857 3464 1033 3529 Κόσπελλον
1057 3484 1082 3528 e.
1097 3486 1125 3548 q.
1139 3485 1163 3528 s

255 3577 336 3641 Tum
359 3584 483 3661 praeter
507 3579 588 3642 duos
613 3579 699 3642 locos
721 3577 775 3641 ubi
795 3577 891 3643 urbes
912 3598 1105 3643 enumerans
1118 3581 1151 3642 in
1164 3577 1336 3643 Germania

212 3691 360 3756 inferiore
393 3691 455 3754 οὶπό
490 3691 609 3770 δυσμῶν
639 3695 691 3755 τοῦ
724 3692 822 3767 Ῥήνου
855 3696 995 3770 ποταμοῦ
1019 3697 1076 3755 τῦν
1100 3693 1155 3771 μὲν
1178 3697 1335 3758 Βαταονῦν

214 3805 364 3884 μεσόγειον
387 3805 618 3886 Βαταονόδουρον
631 3803 655 3883 ³)
679 3815 710 3870 et
734 3807 763 3869 ἕν
785 3806 827 3887 τῷ
847 3807 976 3887 αρκτικςῖ·
996 3807 1127 3885 κλίματι
1144 3807 1334 3874 Germaniae

215 3940 348 4003 magnae
371 3918 499 3997 Φλνοόμ
524 3921 669 3984 nominat
682 3922 713 4001 ⁴),
738 3919 868 3998 haeo⁵):

216 4090 359 4098 ———

246 4179 275 4247 1)
292 4180 325 4243 11,
342 4179 411 4244 9,1;
429 4181 448 4244 Ι,
468 4179 491 4244 1,
511 4195 537 4243 p.
554 4179 601 4230 111
623 4195 681 4245 sqq.
699 4180 842 4232 Munium.

246 4270 273 4333 1)
291 4272 329 4323 lb.
347 4271 363 4321 5
381 4285 434 4336 sq.;
453 4287 478 4336 p,
496 4269 553 4324 113.

246 4361 274 4428 3)
290 4363 337 4426 la,
350 4362 374 4429 8,
392 4377 417 4426 p.
435 4360 484 4412 116
490 4379 497 4428 ;
515 4363 543 4413 in
561 4364 717 4415 continente
734 4364 817 4428 igitur
835 4365 945 4427 ponitur
963 4364 1170 4418 Batavodurum.

245 4455 273 4515 4)
291 4453 436 4519 11),11,11,
455 4454 495 4520 11,
512 4471 537 4520 p.
555 4453 613 4519 166,

246 4545 273 4610 5)
291 4546 323 4612 11,
339 4545 382 4612 11,
398 4544 415 4595 6
433 4561 498 4614 sqq,
516 4562 541 4610 p.
560 4545 609 4596 151
629 4561 686 4612 sqq.
