3244 5296
715 523 757 586 95

169 715 234 793 tor,
256 710 343 795 eique
366 707 600 775 Mallobaudem
622 709 732 790 junxit
752 710 829 790 pari
849 714 999 789 potestate
1017 709 1300 793 collacandomes·

170 823 307 888 ticorum
340 824 477 888 camdem
511 843 673 910 reqcmque
702 822 915 904 Francorum,
949 823 1052 888 airum
1076 823 1247 888 bellicosum
1270 829 1300 886 et

169 938 286 1022 fortem
302 943 339 1017 1);
363 957 421 1000 rax
445 937 643 1000 Francorum
666 938 824 1001 exercitui
845 935 990 1001 Romano
1012 937 1215 1021 praecausad
1228 936 1298 1001 bar-

171 1052 261 1115 baris
283 1057 394 1114 contra
418 1050 569 1114 barbaros
590 1052 655 1132 jam
681 1051 736 1113 diu
763 1050 937 1114 utebantur
959 1050 1106 1130 Romani,
1130 1057 1162 1114 et
1185 1069 1203 1115 a
1226 1070 1301 1134 rege

170 1166 283 1248 aliquo
314 1165 511 1230 Francorum
536 1163 699 1228 Romanos
724 1165 898 1247 adjuvante
921 1165 1000 1227 nihil
1024 1166 1122 1230 statui
1144 1185 1238 1249 possa
1261 1166 1301 1230 da

170 1279 318 1361 ipsorum
354 1277 551 1339 Francorum
588 1277 779 1360 populorum
815 1295 890 1360 arga
925 1278 1096 1361 imperium
1131 1277 1195 1342 fida
1217 1276 1301 1341 infra

172 1409 306 1475 quoquo
340 1410 358 1454 e
394 1391 651 1455 luculentissima
687 1390 870 1454 videbimus
894 1391 1049 1475 exemplo.
1074 1393 1163 1454 Auni
1188 1391 1299 1455 saltam

173 1505 242 1566 379
276 1505 368 1567 initio
404 1505 505 1588 quieti
542 1511 628 1582 sunt,
663 1524 738 1567 nam
763 1503 919 1568 Kalendis
941 1504 1106 1569 ianuariis
1130 1507 1200 1588 ejus
1224 1507 1300 1569 anni

173 1619 313 1680 Ausona
335 1617 467 1680 auditur
490 1635 554 1678 vox
578 1617 666 1679 hisce
691 1615 797 1680 verbis
820 1616 925 1681 fausta
951 1613 1166 1701 procantis²):

309 1765 496 1846 dunecani,
518 1786 619 1831 novus
640 1787 726 1831 anne
747 1767 827 1849 ueni,
849 1775 995 1832 renovate
1017 1768 1088 1832 ueni
1108 1767 1161 1850 sol,

311 1879 461 1945 Hostibus
479 1881 630 1960 edomitis,
652 1900 718 1965 qua
740 1880 885 1945 Francia
909 1883 1009 1945 mista
1032 1880 1142 1946 Saeuis

311 1993 418 2059 Gertat
439 1995 483 2059 ad
503 1994 690 2082 obsequium,
714 1993 815 2058 tactis
837 2000 874 2058 ut
897 1995 1005 2060 militet
1026 1997 1133 2060 armis.

221 2144 341 2209 Rarum
372 2154 535 2228 gestorum
567 2147 745 2228 imperante
775 2144 1003 2209 Valentiniano
1038 2145 1071 2208 ΙΙ
1102 2148 1301 2226 (388-392)

176 2279 280 2322 unum
316 2258 436 2322 iontem
474 2258 632 2322 habemns
656 2256 826 2330 Satricum
850 2259 1080 2339 Ataxaunauu,
1104 2262 1161 2343 qui
1186 2261 1305 2323 citatur

176 2393 197 2436 a
232 2372 384 2456 Gregorio
407 2369 633 2448 Turonensi³t
660 2370 762 2452 ,Cum
788 2373 865 2435 dicit
890 2371 1068 2436 Maximum
1092 2375 1176 2437 intra
1199 2375 1301 2458 Aqui-

177 2487 271 2568 lejam
308 2488 426 2550 amissa
461 2487 550 2548 omni
585 2503 642 2568 spa
677 2487 802 2568 imperii
839 2487 931 2568 quasi
955 2497 1114 2551 amantem
1141 2486 1303 2551 residars”

177 2602 274 2678 (anno
304 2601 403 2682 igitur
428 2600 513 2680 388),
540 2599 704 2682 adjungit:
730 2598 779 2662 Eo
802 2604 937 2679 tempore
962 2599 1152 2664 Genabaudc
1175 2598 1302 2665 Marco-

178 2733 261 2776 mere
294 2717 323 2776 et
358 2711 509 2777 Snnnone
540 2711 667 2775 dacibus
690 2707 816 2776 Fran'ci
839 2714 875 2776 in
900 2712 1107 2778 Germaniam
1133 2735 1304 2795 prorupere

178 2846 216 2889 ac
246 2825 391 2905 pluribus
425 2824 604 2889 mortalium
638 2824 734 2889 limite
756 2827 881 2908 irrupto
905 2827 1003 2890 caesis
1025 2826 1147 2910 fertiles
1170 2829 1303 2893 manime
1399 2895 1401 2900 ,

174 2959 275 3023 payns
305 2938 485 3018 depopulati
513 2917 744 3023 Aarippinensi
773 2941 868 3004 etiam
894 2939 1041 3006 Coloniae
1064 2949 1177 3006 metum
1200 2943 1301 3007 incus-

178 3074 253 3118 sere.
285 3052 372 3133 Quod
394 3054 448 3117 ubi
469 3053 614 3117 Treveris
635 3053 792 3134 perlatum
815 3060 869 3132 est,
893 3056 1074 3120 Nannenus
1085 3063 1115 3121 et
1128 3055 1300 3136 Quintinus

179 3165 309 3230 militiae
338 3166 490 3248 manistri,
521 3167 635 3254 quibus
657 3167 832 3251 infantiam
857 3167 919 3251 filii
941 3175 968 3232 et
991 3170 1201 3254 defensionem
1226 3169 1303 3235 Gni-

179 3279 296 3343 liarum
331 3279 498 3342 Maximus
531 3281 733 3358 commiserat,
764 3280 884 3344 collecto
914 3283 1052 3345 exercitu
1074 3282 1163 3365 apud
1186 3283 1303 3364 Aerip-

177 3394 287 3472 pinam
331 3412 504 3457 convenere.
546 3391 608 3457 sea
640 3394 744 3456 onusti
780 3394 901 3476 praeda
935 3393 1034 3458 bostes
1067 3395 1303 3478 provinciarum

179 3507 283 3586 opima
313 3505 493 3586 depopulati
514 3505 660 3570 Rbenum
684 3508 839 3571 transiere
857 3507 1006 3586 pluribus
1029 3528 1157 3572 suarum
1182 3510 1217 3573 in
1241 3510 1303 3574 Ro-

180 3639 274 3683 mano
304 3620 420 3683 relictis
459 3618 522 3684 salo
556 3619 600 3682 ad
634 3620 834 3698 repetendam
870 3620 1137 3699 depopulationem
1167 3624 1304 3706 paratis,

180 3753 249 3796 cum
290 3733 402 3816 quibus
435 3752 618 3816 conaressus
653 3732 807 3797 Romanis
842 3736 1164 3818 accommodusvfuit,
1198 3737 1305 3801 multis

182 3845 380 3908 Francorum
403 3845 490 3928 apud
514 3843 744 3910 Carbonariam
767 3846 855 3930 ferro
876 3849 1051 3927 peremptis.
1077 3847 1215 3934 Cumque
1235 3871 1305 3914 con·

180 3960 356 4023 sultaretur
389 3959 426 4022 dc
458 3979 609 4041 successu,
643 3979 688 4023 an
722 3961 756 4024 in
787 3959 965 4024 Franciarn
996 3964 1134 4027 transire
1157 3963 1306 4047 deberent,

216 4205 244 4270 1)
262 4205 350 4255 Amm.
368 4205 449 4255 Marc.
467 4205 563 4270 XXXI,
579 4204 620 4269 10,
638 4204 662 4255 7.

215 4296 243 4361 2)
262 4294 383 4346 Precatio
408 4294 539 4360 Consulis,
565 4295 649 4360 Edyll.
673 4294 738 4357 Vlll,
763 4293 876 4360 28-30;
900 4296 1011 4346 Francia
1029 4301 1056 4347 et
1073 4297 1200 4348 Chamavi
1217 4300 1305 4350 nomi·

184 4394 285 4440 nantur
303 4389 412 4439 Mosella
431 4386 490 4437 434.

216 4478 243 4550 3)
262 4479 377 4530 Historia
396 4479 569 4542 Francorum,
586 4477 618 4544 ll,
636 4476 661 4530 9.
678 4479 715 4544 (p,
733 4478 833 4529 72-75
849 4479 964 4545 Anum).
