3240 5304
716 545 756 608 77

176 732 412 814 ὑπερβαλόμενοι
447 741 513 812 γῆν,
550 730 597 796 ἐπὶ
628 730 682 803 τίον
712 732 837 806 ὑπήκοον
863 731 1017 810 Ῥωμαίοις
1041 733 1223 812 ὡρμήθησαν.
1249 731 1300 797 καί

175 856 211 927 τῇ
245 847 395 930 Βαταβίρι
431 844 643 926 προσσχόντες,
680 840 713 918 ἣν
744 843 824 925 δίχα
856 844 1034 926 σχιζόμενος
1060 847 1073 910 ό
1098 848 1194 921 Ῥῆνος
1218 857 1301 922 νῆσον

176 961 256 1024 πὀιεῖ
276 959 376 1034 πόσης
401 959 559 1037 ποταμίας
583 958 706 1039 μείζονα
729 961 825 1034 νήσου,
849 960 883 1024 τό
910 959 1029 1026 Σαλίων
1053 959 1138 1034 έόνος,
1152 959 1300 1041 Φρύγγων

176 1073 351 1154 απόμοιραν,
389 1075 423 1138 ἐκ
453 1080 508 1146 τῆς
538 1073 647 1146 οἰκείοις
680 1072 781 1153 χώρας
806 1073 864 1138 ὑπὸ
884 1071 1020 1149 Σαξόνων
1044 1075 1085 1147 είς
1108 1072 1222 1150 ταύτην
1245 1075 1300 1150 τέρν

176 1195 256 1261 νῆσον
289 1187 501 1260 οίπελαύέντας
521 1184 713 1265 ἐξέβαλλον.
747 1185 823 1260 αύτκ
856 1188 888 1251 δέ
922 1181 937 1261 ἣ
963 1197 1046 1263 νῆσος
1070 1184 1143 1252 οὖσα
1167 1189 1300 1270 πρότερον
1369 1235 1372 1242 .

175 1303 261 1365 ποῖσα
294 1300 444 1378 Ῥωμαίων
479 1301 549 1365 τότε
584 1301 641 1365 ὑπὸ
678 1301 795 1365 Σαλίων
831 1300 1007 1382 κατείχετο.
1040 1305 1126 1366 τούτο
1160 1303 1261 1379 μαόέιν
1288 1301 1300 1364 ό

175 1421 289 1494 Καῖσαρ
323 1415 464 1492 οίντεπρίει
500 1415 555 1492 μὲν
589 1422 648 1486 τοῖς
681 1414 831 1488 Κουοίδοις,
866 1421 1028 1498 παρεγγυρῖ
1059 1415 1091 1478 δὲ
1116 1417 1157 1495 τῷ
1182 1417 1300 1496 στρατῷ

178 1527 290 1601 τούτοις
322 1529 376 1605 μέν
409 1528 492 1593 κατόι
523 1528 558 1593 τό
582 1529 719 1608 κρατερόν
742 1527 964 1608 διαμοίχεσόαι,
988 1527 1108 1594 Σαλίων
1131 1529 1162 1592 δέ
1187 1529 1300 1605 μύδενα

175 1641 296 1706 κτείνειν
327 1642 343 1714 ἢ
372 1641 496 1706 κωλύειν
521 1641 573 1704 ἐπί
596 1641 637 1704 τόι
664 1641 815 1719 Ῥωμαίων
838 1639 901 1722 όρια
924 1641 1100 1719 διαβαίνειν,
1124 1637 1171 1707 οἷον
1195 1643 1239 1717 μὴ
1264 1643 1301 1714 ὥς

178 1754 340 1832 πολεμίους
368 1754 588 1835 ἐφισταμένους
618 1764 655 1835 τῇ
680 1754 774 1837 χώρα,
798 1753 916 1834 οίνοίγκρι
941 1755 973 1819 δέ
996 1765 1034 1836 τῇ
1059 1757 1139 1835 παρόι
1165 1755 1300 1819 Κουοίδων

175 1867 356 1932 ἐλαύνεσθαι.
381 1867 497 1942 ταύτης
520 1867 682 1947 αίσόόμενοι
707 1873 758 1932 τοῦ
784 1868 928 1949 Καίσαρος
953 1877 1007 1942 τῆς
1032 1869 1256 1950 φιλανθρωπίας
1276 1869 1300 1932 οἱ

175 1980 282 2046 Σοίλιοι
314 1981 339 2044 οἱ
363 1981 418 2059 μέν
441 1980 503 2045 οὶπό
527 1989 582 2054 τῆς
606 1983 692 2056 νήσου
716 1981 799 2059 μετόν
823 1986 875 2045 τοῦ
900 1985 987 2062 σφῶν
1012 1981 1159 2059 βασιλέως
1183 1983 1223 2054 είς
1246 1982 1301 2062 τὴν

178 2095 232 2158 ὑπὸ
268 2093 432 2172 Ῥωμαίους
462 2097 649 2174 ἐπεραιοῦντο
680 2103 745 2172 γῆν·
779 2096 804 2159 οί
828 2096 859 2158 δέ
884 2095 1098 2176 συμφυγόντες
1122 2097 1163 2168 είς
1186 2094 1228 2159 τόν
1253 2093 1299 2175 όρκ

177 2211 238 2284 (vel
263 2205 334 2289 όρια)
355 2211 517 2290 κατῄεσαν,
532 2209 628 2273 ἱκέται
642 2213 694 2273 τοῦ
708 2209 851 2287 Καίσαρος
863 2206 1001 2281 ἅπαντες
1013 2207 1225 2286 καόιστοίμενοι
1237 2257 1243 2271 .
1255 2256 1261 2270 .
1275 2256 1299 2274 ..

176 2321 189 2384 ό
213 2321 245 2385 δὲ
271 2321 341 2401 πρὸς
365 2323 418 2400 μὲν
443 2322 575 2399 πόλεμον
596 2320 697 2386 οὐδένα
717 2323 891 2401 θαρροῦντας
911 2322 955 2386 ἔτι
970 2326 1038 2395 τοῦς
1052 2320 1224 2402 βαρβοέρονς
1236 2321 1301 2401 όρῶν

176 2436 232 2498 sud
257 2437 465 2501 clandestinis
488 2437 730 2500 incursionibus
753 2443 784 2500 et
807 2437 983 2500 latrociniis
1006 2445 1122 2501 terrum
1143 2436 1300 2501 lacessen-

176 2556 233 2628 tes,
261 2549 380 2614 dubius
404 2551 481 2634 quid
506 2557 587 2633 agat,
612 2551 735 2614 auxilio
760 2552 863 2614 utitur
886 2549 1099 2615 Chariettonis
1123 2552 1301 2634 eujusdam,

175 2665 233 2745 qui
269 2665 337 2745 ipse
372 2665 452 2726 latro
485 2664 644 2727 latronum
672 2684 819 2746 magnum
846 2668 909 2728 vim
933 2665 1122 2747 collegerat3
1147 2662 1300 2740 οὶποδεξοί-

180 2800 266 2852 μενος
289 2771 335 2838 οὖν
359 2775 406 2839 τόν
427 2775 619 2856 Χαριέττωνα
638 2776 689 2840 καί
714 2777 782 2849 τοὺς
803 2777 853 2840 σὺν
877 2777 958 2856 αὐτῷ
982 2776 1121 2856 συνύφας
1144 2802 1179 2841 τε
1197 2779 1301 2851 αὐτοῖς

178 2893 236 2952 τῶν
260 2889 378 2953 Σαλίων
403 2888 535 2962 πόλλονς
558 2889 660 2962 νυκτός
685 2890 739 2966 μέν
763 2889 872 2961 αὐτοὺς
893 2888 1069 2974 λρστεύουσι
1084 2896 1146 2962 τοῖς
1158 2889 1301 2963 Κουοίδοις

178 2997 225 3066 οία
261 3003 524 3080 μεμελετημένους
555 3002 712 3082 λρστείαις
743 3001 935 3079 ἐπέπεμπεν,
971 3001 1083 3082 ἡμέρας
1106 3002 1138 3065 δέ
1162 3001 1249 3076 ούσκς
1272 3005 1300 3067 ἐν

177 3122 238 3188 τοῖς
264 3115 413 3194 ύπαίόροις
437 3113 549 3179 έταττε
573 3115 613 3179 τοὶ
629 3115 822 3195 στρατόπεδα
835 3113 886 3178 καί
900 3114 1030 3189 πιόντας,
1044 3113 1102 3180 όσοι
1115 3116 1148 3179 τὸ
1163 3118 1301 3197 λρίστικον

178 3225 232 3293 οἷοί
265 3254 300 3293 τε
334 3229 483 3307 ἐγίγνοντο
507 3228 677 3308 διαφυγεῖν,
703 3228 822 3293 έκτεινε.
848 3228 937 3292 τοῦτό
960 3252 994 3292 τε
1019 3233 1104 3292 ποιῶν
1128 3228 1299 3302 διετέλεσεν,

178 3340 230 3414 ἕως
264 3339 314 3406 ότε
348 3341 560 3414 καταστοίντες
590 3342 631 3414 είς
662 3340 800 3420 ε’σχύτκν
833 3339 1029 3420 στενοχωρίαν
1053 3341 1078 3404 οί
1102 3340 1225 3405 Κουοίδοι
1249 3342 1299 3405 καί

178 3456 212 3518 έκ
244 3459 362 3519 πολλῶν
393 3454 488 3532 όλίγοι
517 3453 666 3532 γενόμενοι
691 3454 921 3534 προσεχώρησαν
944 3451 1015 3531 όίμα
1038 3455 1079 3534 τῷ
1103 3459 1188 3535 σφῶν
1212 3457 1300 3533 ἡγου-

180 3567 256 3648 μένιρ
287 3570 328 3647 τῷ
352 3568 487 3648 Καίσαρι.
509 3569 664 3653 Sequitur
689 3571 828 3632 narratio
852 3569 890 3632 de
916 3567 1101 3644 Quadorum
1126 3571 1210 3651 rugis
1236 3569 1300 3632 filio

178 3703 197 3744 a
220 3681 423 3747 Chariettone
450 3690 542 3766 capto
566 3683 745 3765 eodemque
767 3703 785 3746 a
808 3681 950 3761 iuliane,
975 3683 1067 3764 quusi
1081 3683 1140 3745 hoc
1153 3684 1301 3764 nesciret,

178 3795 289 3860 obside
312 3798 461 3880 expetito,
486 3802 646 3880 postremo
670 3797 761 3877 putri,
774 3797 830 3879 qui
839 3794 969 3877 jurabat
982 3813 1015 3858 se
1028 3793 1130 3858 filium
1145 3797 1301 3878 amisisse,

181 3916 346 3974 ostentato,
382 3908 440 3972 Σὺν
471 3909 554 3988 αὐτῷ
578 3912 634 3972 τῶν
658 3901 690 3971 εύ
713 3906 876 3985 γεγονότων
899 3903 1013 3978 ἄλλους
1036 3905 1161 3987 όμνίρους
1185 3908 1300 3985 λαβὼν,

182 4022 426 4102 ἐφιλοτιμήσατο
448 4021 501 4093 τὴν
525 4022 634 4100 είρνίνκν
657 4015 734 4101 ἐφ’ᾧ
758 4018 913 4097 μηδέποτε
933 4019 1016 4083 κατόν
1033 4020 1184 4098 Ῥωμαίων
1195 4028 1301 4101 χεῖρας

181 4130 260 4214 οἶραι.
296 4138 398 4198 ταῦτα
433 4131 507 4197 οὕτω
543 4132 649 4206 διαύείς
681 4133 695 4195 ό
728 4139 843 4213 Καῖσαρ
875 4131 1007 4205 Σαλίους
1032 4132 1141 4197 τεκαὶ
1167 4131 1301 4196 Κουοίδων

182 4255 284 4328 μοῖραν
320 4246 371 4312 καί
409 4252 465 4312 τῶν
489 4250 518 4311 ἐν
541 4257 578 4329 τῇ
603 4246 755 4330 Βαταουίρι
778 4246 853 4326 νόσῳ
878 4247 962 4319 τινας
986 4245 1145 4323 τοίγμασιν
1169 4245 1300 4322 ἐγκατέ-

225 4477 351 4541 Zosimo
388 4479 493 4541 statim
530 4477 635 4560 ipsum
663 4476 878 4558 adjungamus
902 4474 1078 4538 Euuurruu.
1106 4473 1211 4537 Unum
1233 4476 1298 4557 jam
