3244 5296
742 524 782 584 97

201 729 274 773 oum
313 708 497 773 Saxonibus
532 727 582 772 res
616 713 684 772 erat
718 706 881 788 Romanis,
915 726 990 770 nam
1025 708 1059 769 in
1094 707 1171 770 ludo
1204 706 1324 790 gladia·

199 826 282 888 torio
325 824 539 906 complurium
582 842 692 886 eorum
731 821 840 886 fauces
876 840 946 886 esse
981 820 1097 884 fractas
1132 819 1324 884 Srunncnus

201 944 309 1000 narrat
322 933 352 1016 ¹).

245 1049 367 1131 Franci,
387 1055 498 1113 contra
522 1068 602 1132 quos
624 1048 761 1112 Romam
783 1055 938 1132 pugnant,
961 1047 1112 1113 omnibus
1136 1049 1223 1112 hisee
1246 1048 1325 1111 locis

200 1164 297 1226 iidem
322 1169 408 1244 sunt,
432 1162 517 1246 quod
537 1151 667 1245 apparet
687 1179 705 1225 e
724 1180 836 1244 regum
859 1160 1046 1224 nominibus
1059 1160 1324 1226 commemoratis.

200 1277 302 1340 Trans
336 1276 487 1342 Rhenum
523 1275 614 1340 sedes
649 1274 776 1356 habent,
811 1275 909 1360 idque
941 1277 975 1337 in
1011 1275 1090 1338 locis
1121 1276 1324 1358 potissimum

202 1391 354 1455 saltuosis
385 1396 417 1454 et
447 1390 630 1474 paludosis;
663 1387 813 1453 Coloniae
840 1389 1068 1472 Agrippinensi
1092 1394 1212 1452 metum
1235 1389 1326 1451 incu-

203 1507 298 1584 tiunt,
329 1503 489 1566 adeuntur
524 1520 620 1586 prope
644 1501 684 1565 ab
709 1502 768 1564 hac
791 1500 871 1565 urbe
894 1506 926 1566 et
948 1520 1047 1584 prope
1068 1522 1087 1564 a
1110 1500 1246 1582 Nivisio,
1269 1518 1327 1583 pro

204 1636 269 1700 quo
303 1617 435 1679 nomine
459 1615 568 1698 ignoto
595 1616 660 1697 jam
693 1614 815 1678 dudum
840 1613 1037 1679 Novaesium
1060 1615 1245 1678 restitutum
1270 1619 1328 1696 est,

202 1730 236 1792 id
272 1728 358 1812 quod
389 1747 462 1791 cum
487 1729 601 1792 ceteris
623 1729 744 1810 optime
767 1729 924 1811 congruit.
951 1726 1068 1791 Contra
1091 1727 1231 1791 Francos
1253 1727 1326 1790 illos

204 1842 323 1906 bellum
347 1844 429 1926 gerit
453 1841 660 1924 Arhogastes‚
682 1842 717 1904 id
742 1841 828 1925 quod
851 1841 927 1904 lacit
950 1840 1179 1906 Bructerorum
1203 1839 1327 1904 etCha·

205 1974 372 2019 mavorum
396 1954 477 2018 fines
502 1954 742 2038 depopulando:
764 1972 827 2017 non
853 1955 958 2018 solum
983 1952 1137 2017 Chamavi
1155 1953 1211 2018 sed
1232 1953 1326 2018 etiam

204 2068 353 2132 Bructeri
388 2068 448 2131 hoc
483 2069 552 2131 loco
587 2069 671 2131 inter
704 2066 845 2131 Francos
880 2072 1104 2146 recensentur;
1141 2085 1209 2130 eam
1240 2085 1328 2129 nunc

208 2202 338 2267 quoque
362 2184 525 2265 regionem
552 2181 696 2245 habitant
715 2180 872 2264 Bructeri,
893 2179 948 2243 uhi
967 2185 1060 2244 antea
1072 2178 1329 2259 inveniebantur,

206 2297 262 2362 ubi
286 2304 396 2381 postea
419 2297 635 2376 invenientur,
659 2314 733 2358 cum
758 2314 800 2359 ex
823 2296 902 2378 ipsis
926 2295 1064 2377 aliisque
1083 2293 1330 2357 constitutaerit

205 2413 319 2474 civitas
353 2409 515 2494 Bipuaria.
550 2409 630 2473 Inde
661 2407 700 2471 ab
725 2410 785 2471 hoc
808 2414 949 2490 tempore
972 2409 1071 2490 igitur
1095 2409 1122 2470 si
1148 2403 1329 2486 „Francos”

206 2525 253 2588 sic
276 2523 363 2588 nude
386 2525 507 2607 positos
531 2521 651 2586 alicubi
674 2522 880 2605 reperiemus,
899 2521 980 2584 nihil
1000 2539 1042 2584 ex
1055 2538 1092 2584 eo
1105 2517 1231 2583 efficere
1243 2521 1328 2600 pote·

206 2639 318 2719 rimus,
348 2636 388 2700 ad
422 2636 572 2701 Rhenum
606 2635 789 2699 inferiorem
827 2640 858 2698 ot
892 2635 1027 2718 patriam
1064 2638 1206 2696 nostram
1242 2629 1329 2714 quod

207 2752 328 2832 attinet,
362 2771 435 2815 nam
468 2769 570 2834 aeque
600 2749 682 2813 bene
704 2749 743 2814 de
767 2749 932 2812 Bructeris
956 2767 992 2811 ac
1015 2746 1056 2810 de
1079 2745 1173 2811 Saliis
1197 2743 1328 2807 Chama-

207 2867 298 2928 visve
320 2867 372 2948 agi
395 2871 473 2928 tunc
495 2865 618 2948 poterit.
643 2861 670 2925 B
691 2862 919 2926 Bructerorum
932 2863 967 2923 iu
981 2859 1216 2923 Chamavorum
1229 2863 1330 2922 terras

206 2979 296 3043 venit
318 2977 515 3061 Arhogastes
538 2977 579 3040 ad
602 2978 836 3059 septentriones
859 2976 958 3058 igitur
981 2992 1017 3038 se
1039 2977 1185 3051 vertens;
1210 2972 1330 3055 quain

207 3112 242 3157 re
285 3091 543 3155 Chattuariorum
582 3109 711 3174 quoque
745 3107 840 3172 aegre
876 3087 1075 3151 desideratur
1110 3085 1238 3165 mentio,
1274 3084 1330 3167 qui
1430 3162 1437 3170 Ι

208 3207 331 3270 iuliani
367 3205 497 3289 quidem
533 3203 732 3287 temporibus
755 3202 823 3265 illic
845 3200 1001 3266 sederant.
1025 3198 1138 3281 Itaque
1161 3199 1225 3262 nisi
1247 3215 1330 3260 erra-

209 3317 338 3382 bundus
366 3317 596 3382 Bructerorum
629 3317 679 3380 vel
705 3314 937 3379 Chamavorum
963 3316 1084 3397 partem
1108 3330 1179 3376 esse
1202 3314 1330 3393 gentem

208 3432 291 3494 hanc
323 3433 477 3496 minorem
510 3432 671 3516 putaverit
694 3430 858 3515 Sulpicius
881 3427 1075 3510 Alexander,
1099 3426 1332 3510 aliquantisper

208 3565 227 3608 a
261 3544 373 3610 Rheno
408 3547 468 3609 hoc
501 3551 643 3629 tempore
666 3545 836 3609 recessisse
860 3562 915 3607 eos
939 3543 1093 3625 sequitur.
1117 3540 1209 3605 Ultra
1231 3538 1331 3602 Bruc-

209 3666 292 3723 teros
323 3665 355 3724 et
386 3659 564 3723 Chamavos
595 3660 674 3742 quin
706 3658 904 3741 Ampsivarii
927 3660 959 3720 et
982 3654 1086 3718 Chatti
1111 3653 1332 3731 hahitaverint,

210 3773 300 3837 nulla
323 3778 371 3836 est
393 3792 491 3838 causa
514 3793 572 3836 cur
596 3771 792 3854 dubitemne,
812 3770 960 3854 quamvis
974 3769 1147 3832 concedere
1159 3766 1332 3832 debeamus

210 3888 319 3948 omnia
345 3879 462 3949 melitis
485 3885 665 3968 procedere,
689 3886 716 3947 si
740 3904 813 3947 cum
838 3877 1105 3960 Wonnsrnnnro²t
1130 3898 1186 3963 pro
1212 3877 1333 3940 Chattis

211 3998 413 4063 Chattuarios
448 4000 593 4082 legimus.
630 3996 779 4062 Ceterum
812 3997 871 4059 hac
896 4013 1026 4079 quoque
1049 3999 1151 4057 aetate
1173 3991 1332 4055 Brancum

212 4227 356 4237 ..-.—..-

243 4379 254 4428 l
289 4380 309 4429 E
329 4380 372 4431 ist.
389 4380 413 4430 II
438 4378 479 4429 lo.

244 4380 271 4535 ἓξ
291 4396 338 4522 ὓξε
356 4419 511 4524 Wohnsitze
529 4472 576 4521 der
595 4471 709 4534 Maraeu,
726 4468 882 4519 Ansibarier
900 4467 955 4517 und
974 4464 1152 4528 Chattuarier,
1170 4479 1195 4528 p.
1214 4462 1303 4527 resq.

1219 4551 1234 4603 'l
