3240 5304
743 489 783 552 81

198 673 271 739 Hoc
294 675 389 738 modo
411 679 482 738 tum
506 674 635 739 demum
660 675 844 738 ratiocinari
867 691 927 737 nos
950 691 1053 757 possa,
1076 674 1104 737 si
1128 673 1236 737 omnia
1258 672 1320 738 alia

198 789 317 852 Zosimi
339 789 458 852 indicia
482 789 698 870 rejecerimuq
717 787 783 870 jam
797 786 947 868 vidimus,
959 803 1066 870 neque
1077 788 1169 870 sequi
1183 805 1315 871 possum

199 905 303 966 virum
335 903 465 966 doctum
496 902 741 966 contendentem
773 902 822 981 iia,
853 919 937 984 quae
972 899 1120 966 Zosimus
1154 900 1194 965 de
1219 899 1319 983 „Cha-

201 1015 323 1080 mavis'’
354 1015 519 1079 Saxonum
552 1022 641 1099 parte
664 1021 696 1079 et
719 1015 758 1078 de
781 1014 877 1079 Saliis
900 1014 941 1077 ab
963 1015 1003 1078 iis
1026 1013 1189 1098 propulsis
1212 1013 1320 1096 habet,

198 1149 263 1193 non
286 1149 356 1194 esse
379 1129 584 1209 credendum,
607 1128 664 1193 sed
687 1134 795 1192 tamen
819 1126 976 1192 vocabulo
1000 1121 1084 1200 adon,-
1106 1133 1228 1192 tantm
1251 1129 1316 1192 vim

196 1242 411 1322 tribuentem
446 1245 474 1306 si
507 1243 563 1305 illa
598 1242 721 1306 nullius
757 1243 850 1325 pretii
884 1246 969 1324 sunt,
1001 1247 1032 1306 et
1068 1242 1107 1306 de
1132 1261 1211 1308 voce
1234 1236 1318 1314 αὖθις

198 1363 301 1421 tacere
321 1358 444 1421 melius.
467 1355 547 1420 Tum
571 1353 910 1439 improbabilissimum
935 1361 986 1420 est
1008 1354 1157 1438 Francos,
1182 1358 1239 1440 qui
1257 1357 1321 1440 ipsi

198 1471 341 1534 nondum
368 1489 441 1534 cum
464 1470 486 1534 J
489 1470 597 1533 uliano
616 1469 847 1533 dimicaverant
859 1474 943 1548 <nam
958 1468 1079 1535 bollum
1091 1469 1171 1536 illud
1188 1475 1322 1552 „contra

197 1604 291 1648 omne
315 1582 564 1647 Germanicum'’
587 1583 627 1647 ad
652 1583 849 1647 Alamannos
869 1588 1011 1667 spectat),
1022 1585 1154 1649 alteram
1166 1585 1319 1650 metuisse

198 1696 305 1778 ἔφοδον
328 1698 399 1762 κατ’
423 1698 531 1761 αὐτῶν.
555 1698 617 1763 Sed
638 1699 704 1780 jann
728 1696 777 1760 fao
800 1691 884 1769 αὖθις
906 1704 963 1761 aut
983 1697 1153 1763 adbellum
1167 1698 1319 1763 Adaman-

197 1815 307 1875 nicum
343 1820 399 1876 aut
432 1812 472 1875 ad
496 1812 733 1894 expeditionem
756 1817 898 1874 nostram
925 1812 970 1890 (l)
993 1813 1159 1894 pertinere,
1180 1813 1246 1894 jam
1269 1811 1319 1875 fac

197 1930 359 2009 praeterea
394 1924 511 1989 Zosimi
547 1923 676 2000 Quados
710 1943 820 1988 revera
855 1923 1034 1988 Chamavos
1067 1923 1176 2008 fuisse,
1210 1931 1318 1989 tamen

197 2039 307 2102 eadem
343 2058 413 2103 esse
447 2057 511 2102 non
547 2044 651 2122 potest
684 2038 845 2121 expeditio
879 2044 990 2101 contra
1012 2036 1190 2103 Chamavos
1213 2041 1256 2119 (3)
1280 2058 1317 2102 ac

196 2152 317 2217 bellum
353 2152 480 2216 Zosimi.
513 2151 594 2216 Nam
630 2154 664 2214 in
700 2154 770 2235 ipso
805 2153 873 2216 solo
896 2151 1041 2216 Romano
1064 2158 1141 2216 sunt
1164 2151 1317 2216 Chamavi

196 2265 282 2348 apud
304 2264 326 2328 J
330 2265 472 2328 ulianum
496 2272 527 2329 et
546 2267 765 2347 Ammianum,
785 2266 870 2330 unde
883 2266 1097 2349 expelluntur,
1110 2267 1143 2330 id
1156 2267 1243 2350 quod
1255 2272 1317 2331 tot·

195 2379 281 2442 idem
305 2377 411 2442 verbis
434 2384 619 2442 asseverant
643 2385 674 2442 et
686 2379 879 2442 Ammianus
892 2385 923 2442 et
934 2380 1003 2463 ipse
1013 2379 1184 2462 Julianus3
1199 2380 1317 2446 Zosimi

197 2512 273 2556 voro
309 2491 501 2574 „Chamavi'‚
532 2498 624 2556 extra
655 2494 810 2556 terminos
833 2494 960 2576 imperii
984 2493 1105 2576 degunt
1129 2499 1160 2558 et
1182 2496 1317 2559 minime

195 2608 412 2690 expelluntur,
442 2626 515 2669 nam
547 2626 611 2690 pax
641 2607 682 2670 iis
706 2606 892 2670 conceditur
916 2607 1053 2690 selega,
1078 2614 1113 2672 ut
1137 2627 1314 2692 numquam

195 2726 306 2783 contra
327 2718 490 2784 Romanos
514 2740 630 2783 manus
653 2720 783 2796 tollant;
807 2719 863 2783 sod
888 2718 943 2782 ubi
965 2727 1052 2802 sunt,
1075 2720 1120 2784 ihi
1140 2727 1314 2787 remanent.

240 2833 353 2917 Itaque
377 2833 605 2916 quoquomodo
628 2853 679 2898 res
699 2853 734 2897 se
754 2833 911 2915 habuerit,
930 2834 1064 2898 eandem
1076 2834 1177 2900 fnisse
1189 2835 1313 2901 Juliani

181 2925 226 3012 et
261 2949 424 3011 Ammiani
458 2954 569 3011 contra
600 2945 778 3011 Chamavos
810 2953 841 3012 et
864 2947 982 3012 Zosimi
1006 2953 1117 3012 contra
1143 2947 1314 3031 „Quados”

194 3063 431 3146 expeditionem
468 3061 622 3145 perfracte
656 3081 821 3146 negamus.
856 3061 898 3124 Et
932 3081 1020 3126 nunc
1043 3082 1157 3127 rursus
1180 3064 1314 3129 adeatur

193 3175 369 3261 Eunapius.
394 3175 503 3258 Hujus
527 3194 657 3259 quoque
682 3174 834 3239 Chamavi
858 3195 922 3239 non
947 3176 1313 3260 expellunturetextra

193 3292 362 3372 imperium
395 3291 525 3374 degunt,
548 3309 622 3353 nam
648 3291 701 3362 τὴν
727 3287 878 3366 πολεμίων
900 3291 1081 3373 ingreditur
1104 3290 1256 3357 Julianus
1270 3291 1313 3376 ¹);

161 3407 163 3410 ’
195 3401 347 3467 Chamavi
369 3402 553 3486 Eunapiani
577 3404 676 3486 igitur
699 3403 790 3465 nullo
814 3402 908 3465 modo
933 3404 1034 3494 magis
1055 3423 1128 3468 oum
1143 3402 1312 3470 Chamavis

194 3517 407 3600 expeditionis
431 3519 450 3579 3
474 3536 511 3580 ac
535 3514 639 3591 Quadi
663 3515 780 3580 Zosimi
804 3517 1008 3580 conveniunt.
1033 3516 1097 3580 Cur
1119 3523 1227 3583 autem
1247 3524 1313 3584 tam

192 3630 316 3694 facilem
349 3632 391 3694 iis
422 3631 616 3694 concesserit
646 3649 756 3714 paoem
782 3627 906 3709 Caesar,
929 3629 969 3693 ah
993 3629 1141 3715 Eunapio
1166 3633 1311 3698 additur:

193 3744 362 3808 Chamavis
395 3745 507 3807 invitis
543 3743 612 3808 fieri
636 3763 701 3807 non
724 3749 837 3827 potest,
861 3749 896 3806 ut
919 3743 1080 3808 frumenta
1104 3765 1121 3810 e
1146 3746 1314 3812 Britannia

192 3860 226 3920 in
258 3863 361 3922 castra
395 3857 538 3921 Romana
573 3859 747 3920 mittentur.
784 3857 900 3941 Itaque
934 3858 973 3922 de
1007 3859 1116 3922 eadem
1151 3879 1187 3924 re
1220 3881 1314 3946 agere

192 3970 377 4054 Eunapium
413 3970 642 4054 Zosimumque
674 3970 774 4055 idque
808 3971 848 4035 de
882 3971 1001 4055 populo
1036 3977 1127 4036 extra
1157 3977 1313 4040 terminos

191 4087 319 4170 imperii
342 4085 506 4149 habitante
530 4091 561 4148 et
584 4086 680 4149 etiam
703 4089 812 4168 postea
835 4085 869 4147 in
892 4084 1011 4150 finibus
1036 4088 1105 4151 suis
1129 4093 1313 4154 remanente

195 4253 337 4261 Μ

225 4357 252 4422 1)
271 4357 397 4409 Chamavi
423 4371 438 4406 a
464 4355 570 4406 Juliano
595 4353 718 4419 perdoctus
740 4355 781 4406 aa)
798 4354 890 4415 ταύτης
906 4356 955 4422 (sc.
972 4358 1016 4415 τῆς
1031 4359 1162 4427 πολεμίας)
1179 4359 1210 4416 ὡς
1226 4361 1313 4419 οἰκείας

190 4455 344 4517 precantur.
972 4451 973 4454 ’

1194 4542 1211 4594 6
