3244 5296
865 522 929 585 144

325 711 405 774 Tum
441 713 525 774 inter
559 729 662 775 annos
697 709 761 772 440
799 713 830 772 et
855 709 919 772 540
945 713 1131 792 occupatam
1158 726 1228 772 esse
1248 707 1449 771 Britanniam

327 826 360 887 in
391 826 566 908 posteriore
598 823 826 906 disputationis
857 828 946 905 parte
978 821 1128 885 vidimus.
1154 818 1247 896 Quod
1271 821 1305 883 in
1329 820 1452 884 Notitia

326 937 528 1022 Dignitatum
566 938 642 1001 nihil
669 937 708 1000 de
731 935 903 1020 Thoringia
927 936 977 1000 vel
1000 935 1170 1018 Thoringis
1194 937 1359 1000 invenitur
1378 937 1450 1019 ipso

327 1070 365 1116 eo
400 1051 590 1135 explicatur,
625 1050 712 1134 quod
746 1050 801 1112 illo
837 1055 981 1133 tempore
1015 1051 1049 1112 in
1073 1048 1270 1113 Francorum
1294 1052 1451 1132 potestate

327 1171 394 1229 erat
418 1165 506 1248 regio
530 1164 602 1245 illa;
627 1168 738 1228 contra
763 1164 849 1248 quod
873 1164 1082 1227 nominantur
1105 1163 1294 1247 Anglevarii
1318 1163 1449 1227 aliunde

327 1297 392 1342 non
417 1279 537 1362 cogniti
559 1279 600 1342 ad
623 1278 748 1362 Anglos
771 1277 977 1361 Varinosque
989 1283 1132 1360 spectare
1144 1281 1248 1362 potest
1259 1295 1316 1362 per
1329 1278 1451 1341 saeculi

328 1397 449 1476 partem
477 1393 542 1474 jam
579 1397 667 1455 trans
702 1388 852 1454 Rhenum
885 1390 1081 1470 habitantes,
1116 1409 1221 1473 neque
1245 1395 1351 1455 tamen
1375 1410 1448 1454 cum

328 1505 478 1570 Brenno
491 1507 513 1585 ¹)
537 1505 749 1588 Anglevarios
773 1506 806 1568 in
829 1504 953 1588 Anglos
965 1503 1104 1568 Varinos
1118 1510 1243 1569 mutare
1256 1505 1361 1587 velim,
1374 1524 1449 1568 nam

327 1619 421 1683 facile
443 1617 513 1684 fieri
537 1621 649 1701 potest,
674 1623 710 1681 ut
734 1636 845 1681 revera
865 1617 1135 1700 Anglevariorum
1151 1620 1281 1682 nomine
1294 1617 1453 1701 appellata

329 1734 370 1796 sit
404 1751 484 1816 gens
518 1732 573 1794 illa
608 1750 649 1795 ex
684 1731 821 1795 duorum
858 1732 1049 1815 populorum
1081 1731 1227 1814 partibus
1258 1734 1451 1807 concretae.

329 1845 417 1910 Haec
452 1852 558 1915 tamen
594 1863 645 1908 res
680 1844 787 1908 dubiis
811 1844 953 1908 obnoxia
975 1849 1134 1924 remanet3
1162 1846 1293 1908 minime
1316 1844 1450 1908 dubium

330 1959 407 2042 quid
427 1977 539 2023 revera
559 1960 592 2021 in
614 1958 701 2022 hisce
721 1957 907 2042 regionibus
926 1957 1044 2022 fectum
1060 1959 1111 2038 sit,
1123 1959 1151 2022 si
1163 1959 1279 2021 Aorno
1292 1957 1452 2021 Banunusr

329 2074 490 2137 credimus
504 2072 543 2152 8l:
569 2069 709 2136 Saxones
726 2072 830 2156 primo
853 2073 937 2136 circu
959 2070 1105 2136 Rhenum
1124 2071 1211 2136 sedes
1232 2050 1452 2154 toletanasic

329 2191 462 2250 annotat
485 2191 597 2250 auctor
619 2186 673 2250 ille
696 2188 846 2268 eximius,
866 2190 895 2250 et
912 2186 1011 2250 vocati
1027 2185 1219 2268 enntAnpli,
1232 2205 1365 2270 quornm
1374 2206 1453 2265 pars

328 2299 401 2363 inde
435 2300 563 2364 venians
593 2300 629 2362 in
659 2298 872 2364 Britanniam
895 2297 1055 2364 Mance
1077 2299 1117 2364 ab
1141 2320 1178 2364 ea
1197 2299 1317 2384 depulit
1335 2297 1450 2363 insula.

330 2413 443 2478 Altera
465 2433 543 2493 para
565 2413 777 2495 'l'lrnrinpiom
801 2432 995 2497 oppnpnane‚
1020 2414 1119 2478 tenuit
1141 2412 1230 2477 illurn
1252 2413 1406 2496 necionem
1419 2411 1451 2492 ⁴).

373 2528 489 2612 Itaque
521 2532 591 2610 post
614 2547 735 2590 annum
760 2529 823 2589 441
849 2547 923 2610 pars
946 2528 1124 2620 incolarum
1149 2527 1301 2591 Bataviae
1324 2530 1357 2591 in
1381 2527 1451 2591 Bri-

330 2643 472 2705 tanniam
496 2640 637 2724 profecta
661 2646 718 2722 est,
741 2660 815 2724 pars
839 2643 872 2704 in
897 2640 1119 2725 Thoringiam:
1137 2643 1202 2723 jam
1226 2641 1453 2723 videmuS,cur

331 2759 401 2837 post
414 2753 621 2838 chlogionem
635 2773 712 2817 suos
724 2753 785 2818 sibi
799 2753 946 2817 habuerit
959 2773 1050 2838 reges
1062 2754 1242 2838 Thuringia,
1254 2754 1453 2837 Francisque

330 2888 395 2931 non
419 2869 557 2952 amplius
581 2867 726 2950 subjecta
747 2867 851 2931 fuerit.
865 2866 971 2931 Tertia
983 2888 1055 2951 pars
1068 2869 1100 2930 in
1114 2867 1247 2932 Batavia
1260 2866 1453 2948 remanebat,

330 3000 432 3066 eaque
455 3000 473 3045 e
496 2980 627 3046 Varinis
652 2982 854 3065 potissimum
877 2987 1037 3063 constans,
1060 3001 1133 3045 cum
1160 2984 1243 3046 inter
1267 2981 1453 3045 Britanniae

331 3101 537 3179 occupatores
582 3096 683 3177 major
714 3115 787 3178 pars
823 3095 1002 3178 Anglorum
1037 3097 1142 3178 gentis
1175 3101 1267 3160 esset.
1304 3095 1453 3160 Exeunte

331 3209 457 3273 saeculo
483 3211 597 3293 quinto
621 3207 734 3271 Franci
760 3228 874 3272 rursus
899 3207 1101 3290 sthecerant
1123 3207 1453 3291 Thoringiam31iberi

330 3328 422 3386 erant
456 3321 680 3385 tantummodo
717 3319 869 3384 Bataviae
903 3321 1028 3384 incolae
1063 3320 1186 3402 Varini,
1209 3322 1293 3384 inter
1317 3340 1398 3403 quos
1422 3327 1454 3384 et

330 3435 470 3500 Francos
505 3437 657 3499 intererat
691 3434 825 3498 Rhenus
860 3433 1001 3514 fluvius3
1036 3435 1088 3498 hio
1119 3453 1228 3499 rerum
1259 3440 1362 3499 status
1387 3441 1454 3498 erat

331 3549 479 3633 Procopii
502 3547 701 3632 temporibus
714 3546 747 3627 ⁵).
771 3548 809 3610 In
835 3553 956 3632 partem
981 3548 1139 3612 desertam
1153 3547 1349 3612 Francorum
1363 3551 1454 3632 regni

364 3845 378 3894 l
410 3845 446 3895 l.l.
483 3842 563 3895 .852.

364 3847 392 4000 93
409 3935 447 3986 hd
465 3860 582 4000 1linguae
611 3934 728 3984 indolem
757 3934 826 3997 quod
851 3934 947 3984 attinet
967 3934 1066 3997 optime
1087 3934 1186 3998 Anglos
1204 3933 1263 3982 illos
1283 3931 1456 3996 huglevarios

330 4028 463 4079 nominari
489 4026 606 4090 potuisse
634 4026 788 4076 Kossruunu
815 4031 855 4074 est
880 4025 969 4087 opinio
987 4025 1015 4074 in
1034 4025 1062 4074 P.
1081 4025 1108 4074 B.
1131 4024 1165 4088 B,
1183 4021 1216 4072 20
1233 4023 1298 4088 (Der
1316 4023 1455 4087 Ursprung

330 4122 377 4171 des
395 4117 680 4182 Germanennumens),
699 4133 724 4180 p.
742 4115 799 4168 ael.

364 4211 392 4277 3)
411 4211 479 4262 Hist.
496 4210 560 4261 eccl.
578 4207 602 4259 3.

365 4304 393 4368 4)
411 4303 497 4353 Verba
518 4306 559 4351 »et
579 4301 665 4350 vocati
684 4305 748 4350 sunt
765 4299 862 4363 Angli'‘
879 4301 908 4350 in
926 4314 979 4349 une
998 4300 1087 4350 codice
1105 4300 1212 4350 desunt.

366 4395 392 4460 5)
411 4394 444 4446 Et
461 4395 542 4444 etiam
560 4408 590 4443 eo
610 4398 738 4457 tempore,
757 4408 809 4457 quo
827 4393 904 4444 initio
922 4394 1022 4444 saeculi
1032 4394 1099 4444 sexti
1109 4392 1295 4445 chochilaicus
1304 4392 1456 4443 Chattuari-

332 4501 410 4537 orum
429 4500 527 4551 pagum
547 4485 659 4535 vastavit
680 4484 769 4551 (Greg.
786 4485 849 4537 Tur.
867 4485 913 4549 ΙΙΙ,
929 4484 965 4552 3).
