3240 5304
843 585 884 648 52

299 774 327 839 si
364 773 438 858 quis
474 774 609 838 miretur
643 775 727 838 inter
760 772 914 838 Franciae
945 774 1092 838 nationes
1115 774 1273 836 nominari
1296 772 1426 855 Frisios,

300 889 387 954 huno
422 888 676 953 animadvertere
708 888 803 952 velim
827 895 913 952 certe
936 889 1121 972 panegyrici
1145 889 1331 970 scriptorem
1359 907 1425 950 non

299 1003 395 1067 anxie
420 1003 631 1084 examinasse,
655 1003 711 1087 qui
734 1000 930 1065 Francorum
954 1003 1025 1084 ipso
1050 1020 1108 1066 suo
1132 1002 1262 1065 nomine
1285 1001 1423 1084 compel-

298 1118 452 1198 larentur,
476 1117 533 1201 qni
556 1135 637 1180 non:
667 1117 815 1180 universe
839 1115 878 1180 de
902 1114 1083 1180 Constantii
1105 1115 1260 1180 adversus
1283 1113 1424 1178 Francos
1487 1087 1499 1102 Ι

299 1230 465 1296 audiverat
499 1229 746 1315 expeditionem,
780 1228 932 1294 barbaros
966 1235 1076 1312 captos
1110 1231 1179 1312 ipse
1211 1228 1342 1310 viderat,
1366 1228 1425 1311 qui

300 1344 479 1408 Chamavos
503 1343 689 1426 Frisioaque
712 1361 746 1406 se
769 1342 990 1426 appellabant;
1015 1345 1125 1426 itaque
1149 1341 1327 1405 Chamavos
1350 1340 1425 1404 illos

300 1457 485 1542 Frisiosque
516 1463 625 1540 captos
656 1475 712 1540 pro
739 1455 912 1538 „Francis”
937 1455 1073 1521 habebat
1097 1475 1203 1541 neque
1226 1457 1259 1519 in
1284 1461 1423 1519 mentem

299 1573 329 1636 ei
363 1572 451 1636 venit
486 1571 628 1654 suspicio
662 1569 734 1634 illos
770 1569 1001 1651 tantummodo,
1025 1590 1092 1633 non
1116 1571 1184 1653 hos,
1208 1569 1268 1632 hoe
1292 1569 1425 1632 nomine

300 1686 415 1770 dignos
449 1704 528 1749 esse.
553 1682 619 1747 Cur
642 1689 749 1747 autem
774 1681 959 1747 Constantio
983 1701 1057 1747 oum
1082 1682 1194 1747 Frisiis
1218 1700 1349 1766 quoque
1372 1701 1424 1745 res

301 1798 391 1864 erat?
426 1797 516 1862 Idem
552 1796 646 1860 nobis
669 1795 876 1880 respondebit
900 1797 1174 1880 panegyricus:s
1208 1795 1425 1859 diversis

300 1911 496 1976 Francorum
530 1910 681 1995 gentibus
716 1915 902 1992 occupatam
938 1909 1014 1973 dicit
1048 1908 1235 1988 Bataviam;
1273 1906 1425 1972 omnibus

300 2027 401 2110 igitur
424 2027 457 2089 in
480 2024 537 2089 illa
559 2024 689 2107 regione
712 2042 843 2086 sursum
868 2023 1018 2088 deorsum
1039 2024 1141 2088 versis
1154 2022 1424 2087 verisimillimum

301 2139 438 2221 videtur,
461 2140 553 2202 utin
578 2142 700 2221 partem
724 2134 850 2200 insulae
869 2138 1051 2218 transirent,
1063 2135 1183 2199 Frisios
1196 2153 1326 2219 quoque
1338 2135 1425 2198 illeo-

301 2259 351 2318 tos
375 2271 454 2335 esse,
478 2251 564 2316 unde
587 2250 759 2334 depellenti
783 2252 838 2334 qui
863 2269 932 2314 eam
953 2251 1139 2314 invaserant
1159 2248 1347 2313 Constantio
1359 2267 1424 2311 non

301 2366 407 2431 solum
442 2371 553 2430 eontra
589 2361 778 2445 Chamavos
813 2363 868 2428 sed
899 2365 994 2428 etiam
1027 2369 1138 2428 contra
1159 2362 1280 2428 Frisios
1304 2362 1424 2427 bellum

301 2479 477 2564 gerendum
502 2483 578 2542 erat.
601 2476 640 2540 In
664 2477 767 2561 ipsius
790 2477 917 2541 insulae
941 2478 1158 2542 vindicatione
1181 2497 1247 2540 non
1272 2477 1425 2558 substitit,

301 2595 335 2656 in
370 2597 513 2677 ipsorum
545 2595 771 2674 occupatorum
795 2592 931 2674 patriam
955 2591 1074 2656 bellum
1098 2591 1273 2673 transtulit,
1296 2593 1317 2653 i.
1342 2609 1367 2654 e.
1391 2590 1425 2652 in

302 2705 477 2771 Frisiorum
509 2710 540 2769 et
569 2705 603 2767 in
633 2702 877 2786 Chamavorum,
901 2707 1014 2788 quiin
1039 2706 1233 2790 panegyrico
1257 2702 1425 2768 maniteste

301 2821 385 2884 inter
420 2837 455 2883 se
490 2819 744 2901 distinguuntur,
775 2818 862 2902 quod
897 2819 929 2882 iu
954 2837 991 2882 eo
1015 2820 1150 2883 intimae
1173 2819 1246 2882 illae
1270 2816 1425 2880 Franciae

302 2935 449 2998 nationes
480 2935 512 2996 et
543 2952 561 2995 a
583 2933 719 3016 propriis
744 2950 784 2996 ex
808 2933 932 3016 origine
956 2936 1007 2998 sui
1030 2933 1162 2998 sedibus
1184 2936 1214 2997 et
1238 2933 1278 2996 ab
1304 2932 1426 2995 ultimis

303 3048 467 3112 barbariae
478 3045 627 3111 litoribus
640 3045 771 3110 avulsae
784 3046 952 3127 dicuntum
962 3048 1028 3130 jam
1042 3048 1102 3111 hoc
1115 3048 1246 3111 nonnisi
1258 3047 1298 3110 ad
1307 3045 1426 3111 Frisios

303 3162 460 3246 pertinere
482 3164 596 3244 potest,
619 3159 700 3222 illud
720 3160 851 3223 nonnisi
872 3160 911 3223 ad
925 3159 1159 3225 Chamavorum
1173 3161 1308 3247 patriam
1321 3166 1424 3223 trane·

303 3275 487 3357 rhenanam,
507 3272 563 3337 ubi
583 3291 695 3336 revera
707 3271 904 3368 Francorum
917 3276 1022 3359 gentis
1035 3277 1184 3360 origines.
1197 3275 1317 3340 Eodem
1331 3272 1426 3338 modo

303 3395 334 3453 et
358 3390 392 3452 in
413 3388 526 3452 ultima
545 3387 608 3449 loci
629 3406 726 3470 supra
739 3386 826 3450 allati
839 3394 927 3470 parte
947 3389 1111 3454 diversi
1124 3389 1358 3454 Germanorum
1370 3406 1425 3471 po-

304 3503 371 3586 puli
388 3521 445 3585 per
455 3500 604 3566 Rhenum
616 3501 692 3584 gelu
705 3501 856 3565 duratum
869 3503 905 3566 in
916 3504 1056 3567 insulam
1069 3504 1233 3586 trajecisse
1246 3507 1429 3566 narrantur.

349 3616 501 3680 Chamavi
525 3614 684 3698 Frisiique
707 3615 740 3676 in
766 3613 902 3679 Galliam
926 3615 1066 3700 abducti,
1087 3618 1143 3701 qui
1155 3635 1300 3680 annonas
1312 3620 1424 3679 taxan-

304 3736 361 3810 tes,
396 3728 558 3792 nundinas
589 3727 840 3811 frequentantes,
864 3729 903 3792 ad
932 3730 1083 3795 dilectum
1108 3736 1312 3795 accurrentes
1333 3728 1427 3792 nobie

305 3842 569 3927 depingebantur,
603 3842 837 3926 inquilinorum
873 3844 923 3908 vel
955 3845 1111 3909 laetorum
1143 3850 1261 3910 statum
1276 3834 1297 3924 ¹)
1321 3845 1428 3927 adepti

305 3961 404 4022 erant.
436 3955 526 4033 Quae
555 3956 759 4040 potissimum
783 3956 851 4020 loca
875 3960 1062 4042 acceperint,
1082 3960 1149 4042 jam
1173 3959 1332 4039 vidimus,
1357 3961 1428 4040 post

306 4070 496 4136 Maximiani
530 4069 680 4133 victorias
714 4067 909 4135 Nerviorum
938 4071 1218 4157 Trevirorumque,
1249 4075 1322 4156 post
1346 4069 1427 4133 Con·

306 4186 414 4250 stantii
449 4184 683 4249 Ambianorum
715 4183 959 4249 Bellovacorum
991 4185 1245 4251 Tricassinorum
1276 4184 1427 4268 Lingoni-

309 4352 450 4361 ----

339 4455 368 4520 t)
387 4457 423 4505 De
450 4457 500 4506 heo
526 4470 555 4506 re
582 4459 609 4505 et
632 4453 677 4506 alii
695 4453 870 4505 conferantur
887 4461 913 4507 et
931 4456 1033 4522 Sason
1050 4458 1087 4510 1.1.
1105 4458 1124 4522 I,
1143 4473 1170 4522 p.
1187 4455 1238 4508 tot
1254 4473 1312 4523 sqq.
1329 4463 1356 4509 et
1373 4459 1429 4508 hn-

307 4551 377 4616 haug
395 4565 421 4616 p.
439 4549 489 4602 578
506 4565 572 4615 sqq,
592 4548 636 4600 uhi
653 4548 740 4600 etalii
756 4550 876 4604 citantur
892 4555 1024 4605 auctores.
