3244 5296
833 553 897 617 134

303 759 415 804 verum
435 740 604 803 nominant
616 739 748 803 annales
761 737 927 802 Gambriae
943 735 974 822 ¹).
987 736 1021 802 Si
1034 739 1136 822 igitur
1148 742 1233 802 recte
1246 757 1352 802 annus
1366 738 1428 800 516

303 853 496 933 nominatur,
520 871 585 915 non
610 851 714 915 solum
740 851 846 915 Bedae
871 850 980 934 opinio
1003 850 1084 914 falsa
1104 853 1247 930 est(nam
1262 855 1330 913 tum
1345 869 1429 914 anno

302 965 367 1028 472
392 964 521 1029 demum
534 967 567 1028 in
582 964 782 1029 Britanniam
797 966 963 1028 venissent
975 963 1131 1046 Saxones,
1143 965 1211 1048 ipse
1223 964 1310 1028 Beda
1322 971 1427 1027 autem

304 1098 424 1142 aunum
449 1078 513 1141 450
539 1079 694 1160 nominat,
717 1082 752 1142 ut
775 1077 859 1141 infra
879 1077 1072 1158 videbimus)
1085 1079 1140 1142 sed
1153 1080 1246 1142 etiam
1262 1077 1430 1141 Mounsuur

303 1194 496 1275 (scripsisset
519 1195 604 1257 enim
631 1191 741 1256 Gildas
765 1211 850 1254 5555
876 1191 950 1273 560,
973 1192 991 1254 1.
1005 1210 1030 1255 5.
1054 1196 1126 1275 post
1150 1190 1333 1275 Maglocuni
1347 1211 1428 1254 mor-

303 1309 397 1386 tem);
422 1307 550 1369 nullum
573 1307 673 1389 igitur
696 1325 802 1369 annus
825 1306 990 1368 annalium
1011 1305 1051 1368 ad
1071 1311 1198 1388 tempus
1211 1307 1430 1388 occupationis

304 1417 522 1483 deliniendum
545 1419 705 1482 auxilium
730 1418 800 1500 fert,
823 1437 896 1481 cum
922 1419 1016 1482 annis
1040 1418 1253 1501 quadraginta
1277 1425 1430 1501 quattuor

304 1530 448 1596 Gildonis
472 1534 520 1595 uti
544 1550 607 1594 nou
634 1533 804 1615 possimus.
829 1530 884 1595 Sin
909 1538 1017 1595 autem
1043 1531 1257 1614 quadraginta
1272 1537 1431 1614 'quattuor

304 1645 381 1708 anni
415 1650 500 1709 recte
533 1647 753 1728 nominantur,
787 1651 842 1708 aut
873 1643 1070 1708 Monnsnnus
1094 1663 1207 1709 verum
1232 1645 1312 1708 vidit
1335 1651 1366 1709 et
1389 1645 1429 1708 ad

305 1776 426 1822 annum
451 1765 650 1842 praesentem
671 1760 841 1842 pertinent,
862 1758 949 1841 quod
962 1759 1337 1822 siitaestinterannum
1351 1778 1429 1842 pug-

306 1889 366 1935 nae
391 1877 423 1934 et
446 1890 567 1935 annum
593 1877 791 1955 praesentem
816 1873 988 1954 intersunt,
1010 1874 1056 1935 ita
1080 1878 1116 1935 ut
1140 1891 1242 1955 aeque
1263 1874 1371 1936 miuus
1391 1872 1430 1936 de

305 1989 448 2067 tempore
472 1987 691 2069 occupationis
712 1987 886 2069 quicquam
908 1985 1087 2065 discamus,
1101 1984 1428 2068 autBedajurepug-

307 2117 380 2160 uam
404 2096 520 2161 factam
545 2116 616 2162 esse
640 2099 852 2182 quadraginta
875 2103 1028 2181 quattuor
1047 2100 1142 2162 annis
1162 2105 1234 2182 post
1256 2098 1427 2162 adventum

307 2210 472 2275 Saxonum
498 2212 589 2293 dixit,
612 2218 691 2276 tuno
714 2218 819 2277 autem
844 2213 997 2297 quoniam
1018 2212 1149 2276 aliunde
1169 2232 1431 2296 annumpuguae

309 2345 373 2388 non
398 2328 558 2408 novimus,
578 2326 760 2406 (annalibus
780 2325 955 2389 (lumbricis
968 2327 995 2390 si
1008 2325 1113 2391 Bedae
1126 2326 1287 2390 credimus
1300 2328 1431 2389 omnino

307 2437 417 2520 falsis),
437 2440 526 2503 nullo
552 2440 644 2502 modo
669 2459 775 2502 annus
799 2441 1028 2523 occupationis,
1053 2440 1091 2503 de
1116 2459 1181 2522 quo
1206 2440 1265 2502 hoc
1289 2445 1429 2502 tautum-

307 2554 402 2618 modo
437 2555 557 2618 scimus
593 2553 806 2636 quadraginta
842 2559 995 2637 quattuor
1030 2574 1132 2618 annos
1155 2554 1268 2618 abesse
1292 2573 1365 2618 eum
1390 2554 1429 2617 ab

307 2686 391 2731 anno
415 2667 513 2731 altero
537 2667 631 2750 plane
654 2669 773 2750 ignoto,
796 2669 935 2731 inveniri
959 2673 1070 2750 potest.
1085 2666 1319 2750 Quoquomodo
1332 2670 1431 2750 igitur

306 2800 357 2845 res
392 2799 427 2844 se
462 2779 564 2862 habet,
600 2780 712 2844 Gildae
747 2783 822 2843 anni
859 2781 1071 2864 quadraginta
1103 2787 1256 2865 quattuor
1278 2787 1430 2864 totusque

306 2896 396 2958 locus
437 2901 545 2958 noster
579 2894 617 2958 ad
653 2902 796 2978 tempora
831 2897 1049 2977 occupationis
1085 2897 1268 2978 quaerenda
1303 2896 1429 2958 nullum

308 3009 513 3092 suppeditant
548 3009 713 3072 indicium.
750 3008 776 3070 E
812 3011 934 3090 ceteris
961 3028 1043 3092 quae
1067 3027 1083 3072 e
1108 3009 1216 3073 libello
1241 3009 1354 3073 Gildae
1378 3010 1430 3073 de-

308 3124 505 3206 scripsimus,
527 3129 634 3186 autem
661 3122 802 3187 vidimus
827 3122 1028 3186 Britanniam
1054 3131 1239 3206 occupatam
1266 3143 1336 3187 esse
1361 3132 1432 3207 post

308 3239 436 3301 tertium
473 3237 674 3300 consulatum
709 3238 819 3319 Agecii
850 3237 997 3318 alicujus,
1022 3239 1077 3320 551
1110 3239 1188 3320 5515
1215 3238 1325 3301 551155
1348 3238 1431 3301 51155

309 3354 350 3416 sit
385 3371 481 3434 quam
516 3353 641 3431 Aetius,
665 3371 759 3414 nemo
784 3350 915 3414 dubitat.
938 3350 1078 3414 Tertium
1104 3351 1307 3414 consulatum
1332 3356 1431 3434 gessit

308 3468 424 3530 Aetius
459 3485 543 3528 anuo
578 3466 659 3544 4463
696 3467 806 3547 itaque
837 3464 931 3528 Gilda
962 3471 1093 3528 auctore
1125 3473 1195 3547 post
1220 3485 1341 3528 anuum
1366 3469 1431 3528 446

309 3579 453 3644 Saxones
485 3586 651 3658 venerunt,
678 3582 735 3642 ie.
757 3585 915 3643 venerunt
936 3581 1127 3658 remansuri,
1151 3599 1224 3642 nam
1248 3581 1311 3661 jam
1339 3589 1432 3644 antea

310 3713 363 3758 eos
387 3699 522 3756 tremere
545 3694 695 3756 didicisse
718 3693 891 3756 Britannos
915 3695 947 3754 in
973 3693 1042 3775 ipso
1067 3692 1175 3755 libello
1197 3693 1332 3775 querulo
1353 3712 1432 3775 quo·

310 3826 373 3890 que
406 3808 599 3870 invenimus.
636 3805 780 3869 Primum
816 3808 849 3868 in
886 3806 1032 3869 orientali
1063 3807 1188 3869 insulae
1220 3813 1310 3888 parte
1340 3809 1432 3872 sedes

309 3921 429 4004 figunt3
473 3921 567 4003 paulo
608 3925 678 4002 post
713 3920 752 3982 ad
788 3920 1016 3982 occidentalem
1054 3938 1157 4001 usque
1192 3937 1347 3982 oceanum
1384 3924 1432 3982 in·

310 4037 399 4099 sulae
435 4034 635 4117 superficiem
671 4040 820 4097 exurunt.
853 4033 992 4096 Domum
1024 4035 1194 4097 recessisse
1219 4033 1432 4096 crudelissimi

309 4148 484 4231 praedones
520 4147 606 4230 quod
641 4148 801 4226 dicuntur,
837 4167 900 4210 non
937 4145 1119 4231 significare
1150 4167 1262 4211 omnes
1287 4146 1431 4211 Saxones

311 4315 454 4322 ——-—-

344 4417 371 4481 l)
389 4418 547 4482 conspirant
565 4420 637 4469 enim
656 4434 718 4469 cum
737 4419 884 4470 Annalibus
902 4420 1111 4486 Ulsterensibus,
1128 4421 1174 4484 qui
1191 4435 1243 4471 non
1261 4421 1432 4471 aCarnhricis

311 4511 436 4575 pendent,
457 4513 490 4562 cl.
509 4512 651 4576 Monnsrrn,
669 4512 705 4561 l.l.
723 4526 747 4574 p.
765 4510 789 4562 6.
