3244 5296
721 569 783 632 137

187 756 308 820 Bedam
334 755 420 839 quod
445 773 509 818 non
534 759 675 837 noverat,
698 754 793 819 fidem
821 756 849 819 ei
873 756 972 838 igitur
996 757 1106 838 negari
1127 775 1190 819 non
1216 775 1310 840 posse

187 873 221 933 in
247 872 296 951 iis,
320 888 402 952 quae
426 869 511 952 apud
536 867 661 932 Gildam
688 888 750 930 non
775 867 969 950 inveniebat,
993 869 1048 932 sed
1072 869 1203 934 aliunde
1215 871 1313 953 petita

189 982 320 1046 addidit.

233 1095 321 1159 Beda
344 1096 383 1158 de
408 1095 608 1179 „Anglorum
633 1097 702 1160 sive
726 1095 892 1160 Saxonum
916 1095 1034 1180 gente”
1059 1096 1211 1179 loquitur,
1235 1103 1312 1161 tras·

188 1228 253 1291 que
288 1209 422 1292 populos
458 1207 603 1273 Saxones
638 1210 762 1293 Anglos
784 1209 880 1274 Jutas
905 1228 979 1273 eum
1003 1209 1191 1274 distinxisse
1216 1229 1313 1293 supra

184 1325 251 1405 jam
277 1322 424 1387 vidimus.
450 1319 513 1397 Qui
537 1327 609 1405 post
631 1342 705 1387 aum
726 1324 925 1407 scripserunt
945 1341 1056 1387 omnes
1070 1341 1106 1387 eo
1120 1324 1170 1387 usi
1183 1323 1312 1403 sunt¹);

188 1454 292 1518 pauca
325 1435 549 1498 tantummodo
583 1435 718 1499 dicenda
742 1441 863 1500 restant
888 1436 927 1499 de
950 1435 1094 1500 Historia
1118 1435 1312 1516 Brittonum,

188 1551 282 1630 eujus
316 1548 454 1611 nucleus
487 1554 618 1611 auctore
653 1546 867 1628 Momasson
904 1549 1099 1613 adscendere
1123 1549 1251 1613 videtur
1274 1550 1314 1612 ad

188 1667 322 1727 aetatem
349 1662 485 1726 Gildana
498 1681 563 1726 non
576 1662 670 1746 longe
682 1665 889 1746 posteriorem
902 1661 1069 1726 Chronicis
1083 1662 1222 1727 Bedanis
1237 1682 1312 1726 vero

188 1778 390 1840 anteriorem.
427 1775 576 1859 Bpochae
607 1773 646 1839 ab
667 1775 855 1839 auctoribus
880 1777 1016 1840 diversis
1039 1776 1198 1859 profectae
1220 1783 1312 1856 sunt3

188 1891 228 1954 de
258 1909 344 1953 anno
375 1891 594 1973 occupationis
626 1909 690 1952 non
716 1892 823 1954 minus
848 1910 944 1973 quam
969 1909 1027 1954 sex
1053 1889 1208 1955 hahemus
1232 1893 1313 1954 noti·

187 2005 261 2086 tias,
295 2022 432 2087 quarum
465 2005 567 2086 prima
591 2017 716 2066 annum
740 2004 813 2085 374,
838 2011 999 2087 postrema
1022 2024 1142 2068 annum
1167 2006 1232 2067 428
1256 2023 1313 2067 no·

188 2120 290 2180 minat
304 2118 335 2196 ³).
368 2116 455 2181 Huic
477 2117 585 2181 lihello
610 2116 754 2200 undique
778 2123 914 2182 consuto
937 2117 1033 2182 fidem
1058 2138 1122 2181 non
1147 2118 1256 2182 deberi
1280 2122 1314 2182 in

190 2230 485 2316 computationibus
520 2231 753 2314 chronologicis
788 2232 872 2294 inter
905 2249 1018 2294 omnes
1053 2237 1196 2311 onustat3
1232 2233 1312 2295 nihil

187 2352 295 2410 umen
321 2343 434 2425 obstat,
458 2346 633 2428 quominus
658 2363 722 2407 uno
745 2345 795 2408 vel
816 2345 915 2408 altero
928 2359 1087 2408 annorum
1100 2345 1313 2408 iudicatorum

187 2459 407 2521 incursionem
442 2460 477 2519 iri
508 2456 709 2520 Britanniam
733 2457 848 2521 fecisse
871 2462 1022 2541 putemus
1045 2457 1203 2538 Saxones,
1227 2458 1313 2540 quod

184 2575 251 2654 jam
276 2591 360 2634 anno
384 2571 448 2633 365
471 2570 591 2634 factum
616 2590 686 2635 esse
711 2572 867 2650 vidimus;
894 2571 950 2634 sed
973 2573 1054 2634 tanti
1078 2573 1231 2634 momenti
1244 2590 1307 2634 non

189 2692 237 2750 est
272 2685 414 2750 Historia
445 2684 629 2748 Brittonum
658 2691 695 2748 ut
718 2704 845 2749 movere
869 2704 928 2749 nos
952 2686 1061 2768 possit,
1087 2692 1122 2749 ut
1145 2685 1184 2748 ad
1210 2687 1310 2768 ipsam

222 2883 251 2948 1)
270 2882 328 2933 Vid.
347 2884 489 2948 Mouussu,
510 2883 545 2932 tl.
563 2899 588 2946 p.
606 2880 663 2933 999.

222 2974 251 3039 9)
269 2975 342 3038 lhid.‚
361 2991 385 3038 p.
404 2973 462 3024 113.

222 3065 251 3130 3)
269 3067 384 3116 Notitiae
403 3068 535 3116 Historiae
555 3067 706 3116 Brittonum
725 3068 774 3115 hae
794 3071 857 3115 sunt
873 3067 1030 3130 (laudantur
1049 3068 1198 3117 secundum
1217 3068 1315 3118 Monu-

189 3171 250 3208 snru
269 3159 440 3223 editionem:

223 3265 248 3312 p.
266 3249 322 3312 158,
342 3249 390 3298 lh:
410 3252 429 3300 Α
450 3251 536 3314 primo
554 3265 633 3314 anno,
651 3265 703 3314 quo
722 3250 838 3300 Saxones
849 3257 982 3300 venerunt
992 3250 1019 3300 in
1031 3250 1218 3313 Brittanniam,
1226 3266 1313 3315 usque

189 3343 220 3392 ad
254 3357 355 3392 annum
390 3346 517 3406 quartum
553 3342 678 3392 Mermini
706 3342 775 3406 regis
802 3346 986 3405 supputantur
1013 3343 1077 3391 arani
1104 3341 1314 3392 CCCCXXVllll.

189 3434 314 3483 Mermini
331 3448 420 3483 alanus
438 3437 551 3496 quartus
569 3431 619 3482 890
636 3437 675 3482 est
697 3433 743 3497 (ll.
763 3448 786 3496 p.
805 3431 880 3497 118);
901 3432 1033 3482 adventus
1050 3447 1138 3482 annus
1156 3433 1239 3498 igitur
1256 3431 1315 3483 390.

223 3540 248 3588 p.
266 3523 369 3588 179,1;
389 3526 528 3589 Regnante
555 3526 682 3576 Gratiano
709 3526 826 3576 secundo
855 3541 917 3575 cum
937 3526 1043 3588 Equitio
1062 3524 1179 3575 Saxones
1197 3541 1211 3574 a
1229 3524 1314 3575 Guor-

190 3615 307 3680 thigirno
333 3617 451 3680 suscepti
469 3621 534 3666 sunt
552 3632 622 3666 anno
642 3616 794 3668 CCCXLVll
814 3621 872 3680 post
891 3617 1041 3680 passionem
1061 3616 1168 3668 Christi.
1188 3617 1314 3668 Gratiano

189 3708 213 3756 ll
231 3712 256 3757 et
275 3707 382 3771 Equitio
402 3713 443 3758 est
461 3723 548 3758 annus
566 3706 623 3758 374.

223 3813 247 3860 p.
266 3797 323 3860 909,
343 3798 385 3848 16:
407 3798 615 3863 Guorthigiruus
633 3800 720 3849 tenuit
740 3800 885 3862 imperium
905 3800 933 3848 in
953 3798 1106 3849 Brittannia
1124 3799 1269 3850 Theodosio
1289 3805 1314 3850 et

189 3889 376 3939 Valentiniano
395 3890 549 3939 consulibus
567 3894 594 3938 et
611 3890 639 3939 in
657 3895 753 3953 quarto
771 3905 842 3939 anno
862 3891 939 3953 regni
957 3891 999 3940 sui
1018 3889 1135 3939 Saxones
1154 3891 1184 3940 ad
1197 3891 1315 3940 Brittan·

189 3981 262 4030 niam
289 3987 421 4031 venerunt
448 3981 535 4030 Felice
561 3987 587 4030 et
614 3983 700 4031 Tauro
727 3982 882 4031 consulibus
907 3982 1172 4046 quadringentesimo
1195 3997 1265 4032 anno
1283 3985 1315 4034 ah

189 4073 373 4123 incarnatione
390 4074 491 4123 domini
510 4073 594 4123 nostri
613 4074 674 4123 lesu
694 4073 803 4124 Christi.
822 4073 949 4123 Consules
968 4079 1032 4124 sunt
1049 4073 1114 4123 anni
1131 4072 1180 4124 498
1198 4074 1271 4123 Felix
1289 4079 1315 4124 et

188 4166 301 4216 Taurus.

223 4273 247 4320 p.
266 4255 323 4322 909,
340 4255 384 4306 9ος
404 4258 443 4307 Ab
461 4272 539 4320 anuo,
557 4271 610 4319 quo
629 4255 744 4307 Saxones
766 4262 898 4307 venerunt
917 4258 945 4307 in
965 4256 1142 4306 Brittanniam
1161 4261 1187 4306 et
1206 4255 1315 4306 aGuor·

188 4348 306 4412 thigirno
332 4349 449 4412 suscepti
476 4352 549 4410 sunt,
572 4348 707 4412 usquead
727 4349 836 4398 Decium
855 4354 880 4398 et
899 4349 1070 4398 Valerianum
1090 4349 1155 4397 anni
1174 4352 1238 4397 sunt
1256 4362 1315 4397 sex·

189 4441 278 4504 aginta
297 4455 400 4490 novem.
420 4439 467 4490 llic
485 4441 559 4490 locus
577 4441 642 4490 satis
660 4441 737 4490 torsit
755 4441 917 4504 interpretes
924 4457 930 4503 ;
951 4443 1061 4490 sortasse
1081 4441 1114 4490 de
1133 4440 1224 4490 eodem
1244 4455 1314 4490 anno

190 4529 239 4579 498
256 4531 345 4595 agitur·
363 4531 426 4595 (vid.
448 4531 587 4595 Mommsen,
606 4533 641 4582 l.l.
661 4548 686 4596 p.
703 4530 773 4595 909).
