3240 5304
858 581 899 643 32

321 762 452 848 gobardi
486 763 627 828 meuc
639 757 663 841 ¹)
693 768 724 827 et
754 760 952 843 Srannoun2)
976 763 1161 829 auctoribus
1185 763 1293 828 Albim
1318 763 1438 828 accole·

317 875 405 958 bant,
427 879 472 941 ita
496 883 532 942 ut
555 884 586 942 et
609 879 688 941 citra
712 883 743 942 et
767 877 851 940 ultra
873 875 994 941 flumen
1015 876 1202 941 habitarent.
1221 877 1439 942 Tacrrraetate

318 995 406 1055 trans
441 989 577 1054 fluvium
602 987 870 1074 migraverant³);
895 992 999 1073 primo
1027 990 1096 1053 loco
1120 996 1192 1074 post
1214 989 1358 1054 Tacitum
1383 989 1439 1054 ubi

319 1111 621 1187 commemorantur,
655 1104 774 1169 Istrum
810 1106 1002 1188 transgressi
1033 1123 1103 1170 esse
1127 1106 1279 1169 dicuntur
1293 1109 1315 1184 4)
1340 1123 1438 1189 propo

319 1239 338 1282 a
377 1220 543 1303 provincia
584 1218 761 1282 Pannonia.
801 1217 922 1302 Utique
956 1219 1057 1302 igitur
1095 1217 1339 1302 „Langobardi”
1373 1236 1438 1280 non

319 1338 410 1396 erant
445 1331 543 1396 Suevi
574 1332 716 1396 rhenani.
748 1332 793 1394 At
827 1331 866 1395 de
888 1331 968 1414 ipsis
991 1329 1107 1395 Suavis
1132 1332 1209 1395 haec
1233 1332 1361 1414 cognita
1385 1332 1437 1394 ha-

319 1444 440 1510 bemus.
465 1445 644 1510 Suevorum
669 1446 799 1508 nomine
823 1444 949 1509 duobus
974 1446 1078 1509 modis
1103 1451 1241 1509 utuntur
1264 1446 1388 1528 antiqui
1408 1450 1439 1509 et

319 1560 358 1623 de
383 1579 447 1623 una
470 1561 598 1623 civitate
621 1559 800 1624 Suevorum
826 1565 957 1642 agentes
980 1564 1012 1624 et
1036 1559 1074 1622 de
1094 1561 1212 1642 majore
1225 1559 1437 1642 complurium

318 1674 462 1756 gentium
499 1673 633 1756 populo;
667 1672 749 1737 illud
782 1672 859 1735 indo
889 1693 907 1736 a
940 1670 1073 1736 Caesare
1096 1673 1150 1736 alii
1174 1692 1285 1738 omnes
1308 1671 1440 1754 faciunt,

319 1786 378 1850 hoo
400 1785 514 1850 Strabo
532 1785 660 1851 Tacitus
684 1786 895 1851 Ptolemaeus.
920 1785 1019 1850 Suari
1039 1785 1191 1852 Crassum
1211 1786 1359 1851 Rhenum
1374 1807 1436 1850 non

319 1900 475 1980 accolunt,
508 1902 595 1984 quod
618 1921 691 1964 cum
717 1919 734 1965 e
758 1906 824 1965 tota
847 1900 1026 1965 Suevorum
1051 1902 1264 1985 descriptione
1284 1901 1439 1984 sequitur,

321 2013 376 2078 ubi
411 2012 540 2078 ex‘una
564 2019 652 2097 parte
675 2035 694 2078 a
716 2013 837 2078 finibus
861 2033 971 2078 eorum
998 2014 1085 2078 milia
1108 2035 1262 2099 passuum
1288 2018 1439 2080 sexcenta

320 2129 387 2212 agri
423 2147 536 2191 vacare
559 2132 667 2191 narrat
692 2126 815 2209 Caesar,
838 2129 878 2191 ad
902 2128 1034 2191 alteram
1060 2135 1179 2212 partem
1204 2128 1376 2193 succedere
1399 2129 1439 2192 iis

322 2240 432 2322 Ubios
468 2243 582 2305 ceteris
617 2243 821 2305 humaniores
856 2246 1020 2325 propterea
1055 2241 1142 2325 quod
1170 2239 1319 2306 Rhenum
1345 2243 1439 2304 attin-

266 2377 267 2382 *
318 2352 449 2439 gunt5),
472 2361 542 2420 tum
569 2375 610 2419 ex
634 2356 697 2419 alio
721 2355 791 2419 loco
806 2353 839 2435 ⁶),
862 2374 927 2438 quo
951 2354 1059 2436 saevi,
1083 2356 1139 2438 qui
1164 2356 1203 2419 ad
1227 2356 1312 2439 ripas
1335 2353 1439 2420 Rheni

318 2474 482 2549 venerant,
506 2470 638 2532 victoria
663 2467 805 2532 Caesaris
829 2470 977 2532 nuntiata
1001 2469 1131 2533 domum
1156 2471 1274 2534 reverti
1298 2471 1440 2554 coepisse

320 2583 472 2646 dicuntur
484 2579 516 2661 7).
540 2582 638 2666 Apud
662 2581 847 2646 Srnlsouurr
870 2589 976 2646 autem
997 2584 1074 2647 haec
1084 2585 1270 2648 invenimus
1283 2580 1324 2664 ⁸):
1339 2582 1440 2656 τιέσνς

320 2695 346 2759 δ’
371 2693 559 2776 ὑπέρκεινται
582 2700 638 2768 τῆς
663 2695 821 2773 τυτιιμίιις
843 2695 958 2769 τιιύτνς
972 2701 1034 2769 lso.
1058 2696 1173 2778 Rheni)
1192 2697 1218 2761 οἱ
1237 2695 1347 2776 Σόνβνι
1369 2720 1438 2778 τρυ-

321 2809 543 2891 σιιγνρευόμενοι
568 2809 721 2890 Γερμανοί,
745 2809 796 2874 axi
820 2809 945 2888 dorcium
975 2809 1024 2874 ccl
1050 2805 1157 2883 τλήθει
1178 2810 1371 2892 διαφέροντες
1383 2816 1439 2876 τῶν

320 2920 434 2996 ἄλλων,
471 2922 526 3003 ὑφ’
559 2918 595 2986 ὧν
629 2923 655 2986 oi
689 2920 910 3002 ἐξελαυνόμενοι
935 2923 1126 3005 κατέφευγον
1148 2925 1187 2998 εἰς
1209 2925 1263 2998 τὴν
1282 2926 1364 2998 ἐντὸς
1386 2928 1439 2989 τοῦ

323 3037 422 3111 Ῥήνου
457 3036 516 3101 νυνί
522 3060 530 3122 ;
565 3043 596 3102 et
619 3040 676 3121 qui
699 3059 717 3102 a
737 3037 852 3103 Suavis
872 3039 1102 3122 premebantur
1126 3039 1201 3104 Ubii
1225 3059 1338 3105 revera
1361 3041 1439 3103 citra

319 3151 468 3217 Rhenum
493 3153 584 3216 sedes
608 3157 806 3236 acceperunt.
831 3150 934 3216 Droun
957 3159 1087 3217 auctore
1101 3152 1126 3230 ⁹)
1146 3152 1178 3216 G.
1199 3153 1332 3218 Carinas
1356 3173 1440 3218 anno

321 3266 363 3328 29
397 3263 465 3337 τοὺς
499 3263 650 3343 Σουήβυυς
685 3264 734 3328 τὸν
768 3264 864 3338 Ῥῆνον
898 3263 950 3328 ε’τὶ
983 3263 1107 3346 πολέμῳ
1142 3265 1309 3344 διιιβιὶντιις
1341 3264 1439 3330 tred-

352 3621 503 3689 l)11‚106.

352 3714 381 3780 2)
397 3715 454 3780 Vll,
470 3713 528 3767 290.

352 3804 381 3870 3)
399 3804 488 3857 Germ.
505 3804 546 3858 40.
566 3807 599 3858 cl.
616 3806 711 3858 Strabo
729 3808 766 3860 l.l.

351 3897 379 3963 t)
397 3898 434 3948 De
461 3911 531 3949 anno
558 3896 665 3963 tomes
691 3900 757 3949 haec
774 3899 866 3950 scribit
885 3900 982 3950 Petrus
998 3900 1131 3951 Patricius
1149 3899 1165 3951 6
1181 3901 1262 3966 (Hiat.
1280 3917 1318 3968 gr.
1336 3902 1403 3954 min.
1421 3902 1442 3967 1,

319 4005 345 4054 p.
361 3987 440 4053 lum:
458 3988 494 4038 dcc
514 3989 696 4052 Λαγγυβάρδνιν
709 4027 716 4042 .
727 4027 734 4041 .
744 4028 750 4042 .
761 4027 768 4042 .
780 3989 875 4052 Ἴστρον
892 3991 1070 4052 περαιωθέντων.

353 4079 380 4144 5)
398 4079 463 4130 Bell.
481 4078 547 4130 Gall.
566 4080 610 4144 Ill,
626 4078 652 4145 3,
672 4080 689 4131 2
706 4095 746 4145 sq.

353 4170 583 4237 QQLQL

353 4261 380 4326 7)
399 4263 495 4316 Caesar
512 4265 545 4314 de
564 4280 618 4315 una
636 4264 745 4316 civitate
763 4263 920 4331 Succorum,
941 4267 1045 4318 nonde
1063 4267 1163 4332 majore
1181 4269 1278 4334 populo
1295 4270 1359 4336 agit,
1377 4285 1440 4321 nam

320 4356 464 4420 separatim
482 4372 497 4407 a
515 4355 610 4406 Suevis
628 4357 684 4408 suis
701 4358 767 4408 alias
784 4356 904 4422 ejusdem
923 4359 1013 4424 populi
1023 4363 1118 4425 gentes
1127 4361 1248 4412 nominat
1257 4362 1286 4412 B.
1296 4361 1325 4412 G.
1336 4363 1357 4423 l,
1365 4361 1441 4426 51‚2.

353 4446 381 4512 8)
399 4448 441 4511 IV,
459 4447 517 4499 194.

353 4537 381 4607 9)
399 4539 498 4605 51:21,
517 4538 541 4590 6.
