3240 5304
840 597 883 661 38

296 781 493 866 „Cherusci”
527 784 626 850 latare
660 784 900 869 suspicabatur;
938 784 1071 850 himmas
1085 784 1107 866 ¹)
1144 784 1284 866 „Chauci
1308 780 1420 848 Varii’'

294 896 419 981 legebat
448 899 489 978 (h.
513 916 538 963 e.
573 900 733 962 vanarum
760 899 907 982 gentium
931 901 1064 963 nomina
1086 900 1122 962 in
1141 899 1312 982 archetypo
1332 915 1420 981 repe·

294 1011 412 1075 rinnda
446 1011 502 1076 sed
532 1012 624 1076 locus
648 1031 722 1075 cum
748 1011 873 1076 deesset
897 1013 1026 1091 omissa)
1050 1018 1081 1077 et
1105 1012 1277 1076 secundam
1302 1011 1418 1074 lineam

295 1126 342 1190 sic
365 1125 565 1210 explicabat:

539 1260 586 1305 cr
630 1260 649 1307 e
693 1261 709 1306 s
747 1243 759 1304 i
804 1242 816 1303 i
942 1240 1116 1306 i.e.Fresii

598 1355 617 1416 h
660 1374 681 1437 p
724 1361 737 1418 t
772 1373 793 1418 n
838 1355 918 1417 varii
1013 1353 1187 1418 Hatuvarii

341 1465 544 1545 Quibuscum
568 1468 754 1533 conferatur
777 1464 1066 1544 levnunveu
1090 1471 1123 1532 in

652 1579 680 1658 Q
720 1581 750 1642 V
807 1582 837 1645 A
883 1580 912 1644 D
1010 1581 1027 1645 I

693 1695 709 1759 I
765 1695 796 1758 V
847 1695 873 1758 Τ
925 1695 997 1760 Vl}
1034 1695 1121 1760 lie.
1143 1694 1422 1779 QuadiJutuluigi

295 1811 546 1878 distrahendum.
583 1810 747 1875 Postremo
783 1810 953 1875 Banunnus
967 1811 989 1890 ²)
1021 1813 1055 1874 in
1087 1813 1189 1895 prima
1213 1811 1297 1874 linea
1323 1808 1421 1891 „Cha-

296 1923 418 1990 suarii”
453 1924 504 1989 vel
530 1922 749 2006 „Chattuarii”
772 1926 879 1989 inesse
902 1930 1000 2009 putat
1026 1925 1208 1989 Admodum
1234 1926 1364 2006 incerta,
1388 1928 1423 1988 ut

295 2038 453 2120 ridemus,
488 2038 602 2102 haecce
637 2039 788 2116 omnia³t
823 2057 930 2122 neque
963 2039 1131 2122 ejusmodi,
1155 2045 1190 2102 ut
1215 2039 1254 2102 de
1276 2040 1420 2122 gentium

295 2152 423 2216 illarum
445 2151 577 2216 sedibus
601 2153 776 2236 quicquam
801 2152 1014 2216 concludatur
1037 2154 1100 2216 nisi
1120 2153 1180 2215 hoc
1204 2172 1316 2232 unum,
1341 2152 1423 2214 ultra

296 2265 444 2330 Rhenum
469 2265 610 2330 Francos
636 2264 779 2330 habitere
800 2270 832 2330 et
855 2266 965 2349 aliquo
988 2273 1129 2349 tempore
1152 2267 1232 2343 (sive
1252 2285 1325 2328 cum
1347 2267 1422 2328 scri·

296 2380 427 2446 beretur
460 2381 565 2464 ipsius
596 2359 732 2444 tabulae·
756 2378 1025 2463 Peutingerianae
1044 2379 1141 2443 editio
1163 2385 1331 2462 postrema,
1356 2380 1423 2443 sive

296 2496 392 2560 editio
416 2497 511 2580 prior,
534 2495 603 2559 sive
627 2495 831 2578 archetypus)
854 2493 1051 2558 Francorum
1077 2512 1194 2557 nomen
1217 2493 1302 2557 idem
1321 2493 1423 2556 fuisse

296 2628 334 2673 ac
358 2627 476 2672 nomen
501 2606 734 2671 Chamavorum
750 2605 782 2685 ⁸).

329 2828 357 2895 l)
374 2828 455 2894 Bijdr.
471 2829 537 2880 Vad.
554 2829 649 2880 Gesch.
667 2844 701 2878 en
720 2827 871 2879 Oudheidlr.
894 2829 937 2888 ul,
956 2827 980 2891 7,
999 2844 1025 2892 p.
1041 2827 1075 2879 82
1092 2843 1151 2892 sqq.

330 2919 358 2986 ᾖ)
377 2921 413 2972 l.l.
431 2935 456 2984 p.
474 2918 524 2970 880
543 2935 582 2984 sq.

328 3010 357 3076 3)
375 3012 535 3063 Incertiores
552 3013 635 3062 ctiam
653 3011 807 3063 sennonem
825 3017 889 3063 suni
907 3011 1078 3076 conjecturae
1097 3011 1253 3074 (Herkunlt‚
1271 3026 1296 3075 p.
1317 3010 1371 3075 56).

329 3103 357 3167 l)
377 3104 498 3169 Muenna,
516 3104 552 3154 l.l.
573 3105 680 3167 »quiet
700 3104 813 3155 Franci”
832 3106 863 3155 ad
882 3104 1052 3155 Chattuarios
1069 3105 1154 3168 ipsius
1173 3102 1327 3167 conjectura
1345 3105 1424 3154 resti·

296 3198 370 3245 tutos
395 3196 531 3259 pertinere
555 3201 642 3260 putat,
667 3197 717 3246 hoc
736 3212 821 3246 unum
846 3197 961 3246 afferens
978 3201 1179 3260 argumentum,
1195 3195 1267 3259 quod
1285 3197 1313 3245 in
1331 3197 1424 3246 Later-

297 3287 357 3336 culo
384 3287 532 3337 Veronensi
560 3288 633 3337 inter
657 3288 723 3337 alias
747 3294 841 3352 gantas
858 3288 999 3352 leguntur:
1020 3285 1114 3337 Franci
1131 3286 1263 3338 Gallovari
1283 3287 1325 3350 (:
1335 3287 1423 3338 Catto-

296 3378 373 3442 vari).
400 3378 471 3438 Quae
499 3380 606 3429 uomina
625 3379 757 3442 ejusmodi
781 3380 838 3429 loco
856 3380 1043 3440 inveniuntur,
1062 3384 1091 3428 ui
1110 3379 1218 3429 aliunde
1236 3379 1376 3442 irrepsisse
1394 3395 1424 3430 ea

295 3471 463 3520 contenderit
481 3470 715 3521 nnnncunorrrns
733 3470 806 3535 (l.l.);
825 3471 895 3534 quod
906 3471 928 3519 si
939 3485 1033 3520 verum
1042 3475 1091 3532 ast,
1101 3486 1164 3520 cum
1174 3471 1266 3520 eodem
1278 3487 1301 3520 v.
1311 3472 1337 3520 d.
1346 3487 1423 3535 repo-

296 3561 384 3611 nenda
401 3566 464 3611 sunt
484 3561 559 3611 inea
578 3562 700 3611 laterculi
721 3567 806 3624 parte,
821 3561 867 3611 uhi
885 3567 911 3611 ei
922 3561 1027 3611 Camari
1046 3562 1089 3624 (z
1098 3561 1219 3625 Camari)
1240 3561 1425 3627 leguntur,itu

297 3657 327 3702 ut
354 3667 407 3702 non
436 3653 576 3702 minusad
595 3653 741 3703 Chamavos
758 3669 839 3717 quam
858 3654 889 3702 ad
910 3653 1081 3703 Challuarios
1099 3654 1215 3716 positum
1233 3667 1291 3702 esse
1309 3654 1424 3704 Franco·

297 3758 358 3793 rum
377 3758 475 3793 nomen
494 3744 567 3793 credi
584 3746 680 3808 possit3
700 3760 762 3794 nam
780 3760 812 3794 ex
830 3760 870 3808 eo,
884 3746 953 3808 quod
973 3745 1038 3794 duo
1056 3745 1122 3794 haec
1137 3745 1244 3794 nomina
1261 3745 1288 3794 in
1305 3745 1424 3796 alienum

295 3836 384 3885 locum
412 3836 543 3898 venerint,
568 3835 636 3886 nihil
653 3837 725 3886 aliud
745 3837 869 3900 sequitur
886 3851 968 3900 quarn
987 3837 1013 3886 in
1036 3836 1210 3901 na1·chetypo’'
1229 3837 1298 3887 lecta
1317 3853 1347 3887 ea
1367 3854 1424 3888 esse

295 3928 412 3976 alterum
427 3927 505 3989 J'nxia
523 3928 648 3990 alterurn,
666 3928 712 3978 sed
731 3929 839 3978 nomina
860 3926 946 3978 uicina
966 3927 1077 3977 minime
1098 3943 1204 3990 semper
1221 3928 1348 3992 conjungi
1365 3943 1424 3992 pos·

295 4022 368 4078 sunt,
385 4032 469 4081 aeque
489 4019 578 4068 minus
595 4035 626 4069 ac
643 4021 665 4068 si
684 4021 746 4084 quis
765 4035 787 4069 e.
798 4035 822 4083 g.
841 4020 869 4069 in
887 4020 981 4069 eodem
992 4020 1133 4069 Laierculo
1145 4019 1350 4069 Hermunduros
1362 4035 1424 4070 curn

293 4109 470 4170 sequentihus
501 4108 627 4159 Vandalis
659 4111 822 4174 conjungere
856 4110 928 4160 velit.
954 4109 1000 4158 Sin
1028 4124 1091 4158 vero
1118 4125 1167 4159 suo
1193 4110 1250 4159 loco
1277 4115 1329 4159 stat
1357 4110 1423 4161 illud

296 4199 406 4250 »Franci
433 4199 594 4264 Gallovari”,
619 4203 693 4252 nulla
721 4203 814 4252 melior
840 4217 930 4264 causa,
953 4217 1002 4252 cur
1020 4203 1126 4252 eosdem
1144 4217 1188 4252 eos
1205 4216 1264 4252 esse
1282 4203 1424 4266 perhibea-

295 4307 364 4342 mus.
389 4293 457 4343 Nam
483 4299 550 4344 tuuc
575 4295 613 4344 sic
639 4294 815 4344 ratiocinatur
832 4295 996 4345 Munnnnus:
1018 4295 1063 4344 »ln
1081 4295 1173 4344 tabula
1191 4295 1306 4360 legimus
1327 4295 1423 4346 »chat-

295 4383 375 4433 iuarii
402 4411 435 4422 -
461 4385 572 4435 Francia
598 4413 630 4422 -
657 4386 784 4435 Burcluri
811 4413 844 4422 -
869 4387 967 4436 Suevia
994 4413 1026 4422 -
1043 4385 1228 4452 Alemanniff,
1246 4386 1274 4437 in
1293 4387 1423 4437 laterculo

294 4475 388 4524 ordine
414 4477 532 4527 inverso:
561 4477 717 4527 »Alemanni
745 4476 875 4528 —Suevi
895 4507 927 4515 —
947 4477 1095 4528 Franci-
1114 4477 1280 4543 Gallovari”;
1299 4479 1422 4529 Bructeri

294 4567 368 4617 enim
386 4567 414 4618 in
433 4569 576 4634 archetypo
593 4584 646 4619 non
665 4569 693 4619 in
711 4570 804 4620 eadem
821 4570 892 4620 linea
911 4571 990 4635 positi
1008 4576 1084 4620 erant
1103 4585 1134 4621 ac
1151 4571 1235 4620 celeri
1247 4570 1293 4620 sed
1304 4571 1424 4634 altiores,
