<?xml version="1.0" encoding="UTF-8"?>
<!DOCTYPE html PUBLIC "-//W3C//DTD XHTML 1.0 Transitional//EN"
    "http://www.w3.org/TR/xhtml1/DTD/xhtml1-transitional.dtd">
<html xmlns="http://www.w3.org/1999/xhtml" xml:lang="en" lang="en">
 <head>
  <title>
</title>
<meta http-equiv="Content-Type" content="text/html;charset=utf-8" />
  <meta name='ocr-system' content='tesseract 3.04.00' />
  <meta name='ocr-capabilities' content='ocr_page ocr_carea ocr_par ocr_line ocrx_word'/>
</head>
<body>
  <div class='ocr_page' id='page_1' title='image "./depopulisgerman00kromgoog_0036.png"; bbox 0 0 3240 5304; ppageno 0'>
   <div class='ocr_carea' id='block_1_1' title="bbox 733 565 773 632">
    <p class='ocr_par' dir='ltr' id='par_1_1' title="bbox 733 565 773 632">
     <span class='ocr_line' id='line_1_1' title="bbox 733 565 773 632; baseline -0.05 0"><span class='ocrx_word' id='word_1_1' title='bbox 733 565 773 632; x_wconf 77' lang='lat'><strong>17</strong></span> 
     </span>
    </p>
   </div>
   <div class='ocr_carea' id='block_1_2' title="bbox 191 755 1320 3684">
    <p class='ocr_par' dir='ltr' id='par_1_2' title="bbox 191 755 1320 3684">
     <span class='ocr_line' id='line_1_2' title="bbox 191 755 1314 840; baseline 0.001 -22"><span class='ocrx_word' id='word_1_2' title='bbox 191 756 504 839; x_wconf 80' lang='lat' dir='ltr'><strong>immigraveruntl),</strong></span> <span class='ocrx_word' id='word_1_3' title='bbox 537 757 571 818; x_wconf 92' lang='lat' dir='ltr'><strong>in</strong></span> <span class='ocrx_word' id='word_1_4' title='bbox 602 755 831 819; x_wconf 83' lang='lat' dir='ltr'><strong>Bructerorum</strong></span> <span class='ocrx_word' id='word_1_5' title='bbox 857 774 988 839; x_wconf 90' lang='lat' dir='ltr'><strong>quoque</strong></span> <span class='ocrx_word' id='word_1_6' title='bbox 1011 761 1085 820; x_wconf 88' lang='lat' dir='ltr'><strong>ante</strong></span> <span class='ocrx_word' id='word_1_7' title='bbox 1108 760 1235 840; x_wconf 89' lang='lat' dir='ltr'><strong>tempus</strong></span> <span class='ocrx_word' id='word_1_8' title='bbox 1256 755 1314 819; x_wconf 85' lang='lat' dir='ltr'><strong>Ta-</strong></span> 
     </span>
     <span class='ocr_line' id='line_1_3' title="bbox 192 869 1314 954; baseline 0.001 -23"><span class='ocrx_word' id='word_1_9' title='bbox 192 869 308 932; x_wconf 88' lang='lat' dir='ltr'><strong>citeum</strong></span> <span class='ocrx_word' id='word_1_10' title='bbox 344 869 435 933; x_wconf 87' lang='lat' dir='ltr'><strong>sedes</strong></span> <span class='ocrx_word' id='word_1_11' title='bbox 469 869 712 952; x_wconf 88' lang='lat' dir='ltr'><strong>inquirendum</strong></span> <span class='ocrx_word' id='word_1_12' title='bbox 733 869 870 950; x_wconf 88' lang='lat' dir='ltr'><strong>videtur,</strong></span> <span class='ocrx_word' id='word_1_13' title='bbox 892 869 1039 952; x_wconf 87' lang='lat' dir='ltr'><strong>inprimis</strong></span> <span class='ocrx_word' id='word_1_14' title='bbox 1064 889 1144 952; x_wconf 88' lang='lat' dir='ltr'><strong>quaa</strong></span> <span class='ocrx_word' id='word_1_15' title='bbox 1167 870 1314 954; x_wconf 78' lang='lat' dir='ltr'><strong>regiones</strong></span> 
     </span>
     <span class='ocr_line' id='line_1_4' title="bbox 193 981 1313 1067; baseline 0 -22"><span class='ocrx_word' id='word_1_16' title='bbox 193 982 324 1047; x_wconf 88' lang='lat' dir='ltr'><strong>ultimas</strong></span> <span class='ocrx_word' id='word_1_17' title='bbox 359 982 397 1046; x_wconf 88' lang='lat' dir='ltr'><strong>ad</strong></span> <span class='ocrx_word' id='word_1_18' title='bbox 433 984 666 1067; x_wconf 79' lang='lat' dir='ltr'><strong>septentriones</strong></span> <span class='ocrx_word' id='word_1_19' title='bbox 698 982 961 1066; x_wconf 87' lang='lat' dir='ltr'><strong>occidentemque</strong></span> <span class='ocrx_word' id='word_1_20' title='bbox 990 985 1162 1047; x_wconf 88' lang='lat' dir='ltr'><strong>tenuerint.</strong></span> <span class='ocrx_word' id='word_1_21' title='bbox 1186 981 1258 1059; x_wconf 80' lang='lat' dir='ltr'><strong>Qua</strong></span> <span class='ocrx_word' id='word_1_22' title='bbox 1279 985 1313 1045; x_wconf 95' lang='lat' dir='ltr'><strong>in</strong></span> 
     </span>
     <span class='ocr_line' id='line_1_5' title="bbox 194 1096 1315 1181; baseline -0.001 -20"><span class='ocrx_word' id='word_1_23' title='bbox 194 1098 383 1180; x_wconf 83' lang='lat' dir='ltr'><strong>quaestione</strong></span> <span class='ocrx_word' id='word_1_24' title='bbox 408 1117 471 1161; x_wconf 88' lang='lat' dir='ltr'><strong>una</strong></span> <span class='ocrx_word' id='word_1_25' title='bbox 495 1097 625 1181; x_wconf 91' lang='lat' dir='ltr'><strong>quidem</strong></span> <span class='ocrx_word' id='word_1_26' title='bbox 648 1114 700 1161; x_wconf 90' lang='lat' dir='ltr'><strong>res</strong></span> <span class='ocrx_word' id='word_1_27' title='bbox 724 1097 802 1160; x_wconf 88' lang='lat' dir='ltr'><strong>satis</strong></span> <span class='ocrx_word' id='word_1_28' title='bbox 824 1101 958 1174; x_wconf 88' lang='lat' dir='ltr'><strong>constat,</strong></span> <span class='ocrx_word' id='word_1_29' title='bbox 980 1096 1157 1160; x_wconf 90' lang='lat' dir='ltr'><strong>dominium</strong></span> <span class='ocrx_word' id='word_1_30' title='bbox 1171 1116 1315 1160; x_wconf 87' lang='lat' dir='ltr'><strong>eoruma</strong></span> 
     </span>
     <span class='ocr_line' id='line_1_6' title="bbox 193 1208 1315 1295; baseline 0 -21"><span class='ocrx_word' id='word_1_31' title='bbox 193 1210 296 1295; x_wconf 88' lang='lat' dir='ltr'><strong>Lupia</strong></span> <span class='ocrx_word' id='word_1_32' title='bbox 319 1211 487 1294; x_wconf 87' lang='lat' dir='ltr'><strong>usquead</strong></span> <span class='ocrx_word' id='word_1_33' title='bbox 511 1211 666 1276; x_wconf 86' lang='lat' dir='ltr'><strong>Amisiam</strong></span> <span class='ocrx_word' id='word_1_34' title='bbox 691 1214 872 1294; x_wconf 89' lang='lat' dir='ltr'><strong>porrectum</strong></span> <span class='ocrx_word' id='word_1_35' title='bbox 896 1208 1014 1289; x_wconf 85' lang='lat' dir='ltr'><strong>foisse;</strong></span> <span class='ocrx_word' id='word_1_36' title='bbox 1028 1208 1166 1282; x_wconf 75' lang='grc' dir='ltr'><em>Λουπίας</em></span> <span class='ocrx_word' id='word_1_37' title='bbox 1178 1209 1315 1288; x_wconf 71' lang='grc' dir='ltr'><em>ποταμὸς</em></span> 
     </span>
     <span class='ocr_line' id='line_1_7' title="bbox 195 1319 1315 1406; baseline 0.001 -20"><span class='ocrx_word' id='word_1_38' title='bbox 195 1321 261 1403; x_wconf 81' lang='grc' dir='ltr'><em>ῥέων</em></span> <span class='ocrx_word' id='word_1_39' title='bbox 295 1323 345 1388; x_wconf 75' lang='grc' dir='ltr'><strong>δα)</strong></span> <span class='ocrx_word' id='word_1_40' title='bbox 378 1322 557 1404; x_wconf 81' lang='grc' dir='ltr'><em>Βρννκτέρων</em></span> <span class='ocrx_word' id='word_1_41' title='bbox 591 1327 648 1388; x_wconf 82' lang='grc' dir='ltr'><strong>τῶν</strong></span> <span class='ocrx_word' id='word_1_42' title='bbox 684 1321 861 1395; x_wconf 78' lang='grc' dir='ltr'><em>ἐλαττόνων,</em></span> <span class='ocrx_word' id='word_1_43' title='bbox 886 1323 962 1386; x_wconf 87' lang='lat' dir='ltr'><strong>haec</strong></span> <span class='ocrx_word' id='word_1_44' title='bbox 985 1319 1192 1406; x_wconf 73' lang='lat' dir='ltr'><strong>Smaaoms²l</strong></span> <span class='ocrx_word' id='word_1_45' title='bbox 1217 1322 1315 1388; x_wconf 83' lang='lat' dir='ltr'><strong>verba</strong></span> 
     </span>
     <span class='ocr_line' id='line_1_8' title="bbox 195 1434 1315 1519; baseline 0 -19"><span class='ocrx_word' id='word_1_46' title='bbox 195 1441 280 1519; x_wconf 87' lang='lat' dir='ltr'><strong>sunt,</strong></span> <span class='ocrx_word' id='word_1_47' title='bbox 312 1443 344 1501; x_wconf 90' lang='lat' dir='ltr'><strong>ct</strong></span> <span class='ocrx_word' id='word_1_48' title='bbox 378 1437 529 1501; x_wconf 81' lang='lat' dir='ltr'><strong>Germani</strong></span> <span class='ocrx_word' id='word_1_49' title='bbox 564 1436 696 1502; x_wconf 80' lang='lat' dir='ltr'><strong>Cerialis</strong></span> <span class='ocrx_word' id='word_1_50' title='bbox 726 1438 888 1501; x_wconf 85' lang='lat' dir='ltr'><strong>triremem</strong></span> <span class='ocrx_word' id='word_1_51' title='bbox 923 1437 1113 1519; x_wconf 90' lang='lat' dir='ltr'><strong>praetoriam</strong></span> <span class='ocrx_word' id='word_1_52' title='bbox 1146 1437 1179 1499; x_wconf 96' lang='lat' dir='ltr'><strong>in</strong></span> <span class='ocrx_word' id='word_1_53' title='bbox 1203 1434 1315 1501; x_wconf 87' lang='lat' dir='ltr'><strong>Rheno</strong></span> 
     </span>
     <span class='ocr_line' id='line_1_9' title="bbox 195 1549 1316 1635; baseline 0.002 -23"><span class='ocrx_word' id='word_1_54' title='bbox 195 1556 319 1633; x_wconf 90' lang='lat' dir='ltr'><strong>captam</strong></span> <span class='ocrx_word' id='word_1_55' title='bbox 352 1550 486 1615; x_wconf 91' lang='lat' dir='ltr'><strong>flumine</strong></span> <span class='ocrx_word' id='word_1_56' title='bbox 520 1549 623 1634; x_wconf 87' lang='lat' dir='ltr'><strong>Lupia</strong></span> <span class='ocrx_word' id='word_1_57' title='bbox 654 1554 781 1615; x_wconf 84' lang='lat' dir='ltr'><strong>traxere</strong></span> <span class='ocrx_word' id='word_1_58' title='bbox 814 1550 935 1614; x_wconf 91' lang='lat' dir='ltr'><strong>donum</strong></span> <span class='ocrx_word' id='word_1_59' title='bbox 971 1549 1174 1632; x_wconf 83' lang='lat' dir='ltr'><strong>Velaedae³)‚</strong></span> <span class='ocrx_word' id='word_1_60' title='bbox 1197 1552 1316 1635; x_wconf 87' lang='lat' dir='ltr'><strong>virgini</strong></span> 
     </span>
     <span class='ocr_line' id='line_1_10' title="bbox 196 1647 1315 1746; baseline 0.002 -20"><span class='ocrx_word' id='word_1_61' title='bbox 196 1665 334 1728; x_wconf 88' lang='lat' dir='ltr'><strong>nationis</strong></span> <span class='ocrx_word' id='word_1_62' title='bbox 357 1664 531 1729; x_wconf 84' lang='lat' dir='ltr'><strong>Bructerae</strong></span> <span class='ocrx_word' id='word_1_63' title='bbox 542 1665 575 1744; x_wconf 83' lang='grc'><strong>4).</strong></span> <span class='ocrx_word' id='word_1_64' title='bbox 600 1664 653 1727; x_wconf 86' lang='grc' dir='ltr'><strong>Ἐν</strong></span> <span class='ocrx_word' id='word_1_65' title='bbox 676 1663 717 1744; x_wconf 83' lang='grc' dir='ltr'><strong>τῷ</strong></span> <span class='ocrx_word' id='word_1_66' title='bbox 739 1662 881 1746; x_wconf 75' lang='grc' dir='ltr'><em>Ἀμασία</em></span> <span class='ocrx_word' id='word_1_67' title='bbox 901 1647 1006 1727; x_wconf 82' lang='lat' dir='ltr'><strong>autem</strong></span> <span class='ocrx_word' id='word_1_68' title='bbox 1029 1667 1155 1743; x_wconf 76' lang='grc' dir='ltr'><em>Δροῦσος</em></span> <span class='ocrx_word' id='word_1_69' title='bbox 1174 1663 1315 1744; x_wconf 81' lang='grc' dir='ltr'><em>Βρννκτέ-</em></span> 
     </span>
     <span class='ocr_line' id='line_1_11' title="bbox 196 1776 1314 1857; baseline 0.002 -17"><span class='ocrx_word' id='word_1_70' title='bbox 196 1799 259 1857; x_wconf 81' lang='grc' dir='ltr'><em>ρους</em></span> <span class='ocrx_word' id='word_1_71' title='bbox 302 1776 563 1857; x_wconf 67' lang='grc' dir='ltr'><em>κατεναυμάχησε</em></span> <span class='ocrx_word' id='word_1_72' title='bbox 596 1778 774 1842; x_wconf 90' lang='lat' dir='ltr'><strong>secundum</strong></span> <span class='ocrx_word' id='word_1_73' title='bbox 810 1777 994 1842; x_wconf 76' lang='lat' dir='ltr'><strong>Snnnnounu</strong></span> <span class='ocrx_word' id='word_1_74' title='bbox 1008 1777 1030 1854; x_wconf 67' lang='grc' dir='ltr'><strong>ε)</strong></span> <span class='ocrx_word' id='word_1_75' title='bbox 1064 1785 1095 1842; x_wconf 89' lang='lat' dir='ltr'><strong>et</strong></span> <span class='ocrx_word' id='word_1_76' title='bbox 1129 1778 1168 1842; x_wconf 93' lang='lat' dir='ltr'><strong>ab</strong></span> <span class='ocrx_word' id='word_1_77' title='bbox 1204 1779 1314 1843; x_wconf 91' lang='lat' dir='ltr'><strong>ecdem</strong></span> 
     </span>
     <span class='ocr_line' id='line_1_12' title="bbox 197 1890 1315 1978; baseline 0 -22"><span class='ocrx_word' id='word_1_78' title='bbox 197 1897 325 1957; x_wconf 89' lang='lat' dir='ltr'><strong>auctore</strong></span> <span class='ocrx_word' id='word_1_79' title='bbox 344 1901 469 1978; x_wconf 88' lang='lat' dir='ltr'><strong>praeter</strong></span> <span class='ocrx_word' id='word_1_80' title='bbox 488 1892 683 1977; x_wconf 83' lang='lat' dir='ltr'><strong>Sygambros</strong></span> <span class='ocrx_word' id='word_1_81' title='bbox 703 1891 881 1956; x_wconf 82' lang='lat' dir='ltr'><strong>Chamavos</strong></span> <span class='ocrx_word' id='word_1_82' title='bbox 901 1890 1047 1956; x_wconf 83' lang='lat' dir='ltr'><strong>Gimbros</strong></span> <span class='ocrx_word' id='word_1_83' title='bbox 1064 1892 1135 1972; x_wconf 78' lang='grc' dir='ltr'><strong>πρὸς</strong></span> <span class='ocrx_word' id='word_1_84' title='bbox 1146 1892 1188 1971; x_wconf 87' lang='grc' dir='ltr'><strong>τῷ</strong></span> <span class='ocrx_word' id='word_1_85' title='bbox 1201 1894 1315 1973; x_wconf 86' lang='grc' dir='ltr'><em>ὠκεανῷ</em></span> 
     </span>
     <span class='ocr_line' id='line_1_13' title="bbox 198 2004 1315 2091; baseline 0 -19"><span class='ocrx_word' id='word_1_86' title='bbox 198 2013 229 2072; x_wconf 90' lang='lat' dir='ltr'><strong>et</strong></span> <span class='ocrx_word' id='word_1_87' title='bbox 254 2004 420 2088; x_wconf 79' lang='grc' dir='ltr'><em>Βροώκτεροι</em></span> <span class='ocrx_word' id='word_1_88' title='bbox 445 2009 654 2071; x_wconf 88' lang='lat' dir='ltr'><strong>nominantur</strong></span> <span class='ocrx_word' id='word_1_89' title='bbox 667 2006 704 2086; x_wconf 76' lang='grc'><strong>6);</strong></span> <span class='ocrx_word' id='word_1_90' title='bbox 731 2027 750 2070; x_wconf 94' lang='lat' dir='ltr'><strong>a</strong></span> <span class='ocrx_word' id='word_1_91' title='bbox 772 2005 884 2070; x_wconf 87' lang='lat' dir='ltr'><strong>Rheno</strong></span> <span class='ocrx_word' id='word_1_92' title='bbox 907 2005 1075 2070; x_wconf 80' lang='lat' dir='ltr'><strong>Caecinam</strong></span> <span class='ocrx_word' id='word_1_93' title='bbox 1104 2025 1160 2091; x_wconf 93' lang='lat' dir='ltr'><strong>per</strong></span> <span class='ocrx_word' id='word_1_94' title='bbox 1183 2006 1315 2072; x_wconf 82' lang='lat' dir='ltr'><strong>Brncte</strong></span> 
     </span>
     <span class='ocr_line' id='line_1_14' title="bbox 197 2121 1318 2205; baseline 0.002 -21"><span class='ocrx_word' id='word_1_95' title='bbox 197 2140 250 2185; x_wconf 88' lang='lat' dir='ltr'><strong>roa</strong></span> <span class='ocrx_word' id='word_1_96' title='bbox 285 2121 324 2184; x_wconf 86' lang='lat' dir='ltr'><strong>ad</strong></span> <span class='ocrx_word' id='word_1_97' title='bbox 358 2121 479 2186; x_wconf 90' lang='lat' dir='ltr'><strong>flumen</strong></span> <span class='ocrx_word' id='word_1_98' title='bbox 514 2123 672 2186; x_wconf 80' lang='lat' dir='ltr'><strong>Amisiam</strong></span> <span class='ocrx_word' id='word_1_99' title='bbox 709 2121 919 2185; x_wconf 83' lang='lat' dir='ltr'><strong>Germanicus</strong></span> <span class='ocrx_word' id='word_1_100' title='bbox 952 2123 1049 2184; x_wconf 91' lang='lat' dir='ltr'><strong>mittit</strong></span> <span class='ocrx_word' id='word_1_101' title='bbox 1073 2127 1104 2185; x_wconf 92' lang='lat' dir='ltr'><strong>et</strong></span> <span class='ocrx_word' id='word_1_102' title='bbox 1127 2123 1255 2205; x_wconf 82' lang='lat' dir='ltr'><strong>agmine</strong></span> <span class='ocrx_word' id='word_1_103' title='bbox 1277 2123 1318 2186; x_wconf 89' lang='lat' dir='ltr'><strong>ad</strong></span> 
     </span>
     <span class='ocr_line' id='line_1_15' title="bbox 198 2233 1316 2320; baseline 0.002 -23"><span class='ocrx_word' id='word_1_104' title='bbox 198 2233 328 2299; x_wconf 90' lang='lat' dir='ltr'><strong>ultimos</strong></span> <span class='ocrx_word' id='word_1_105' title='bbox 363 2233 592 2298; x_wconf 86' lang='lat' dir='ltr'><strong>Bructerorum</strong></span> <span class='ocrx_word' id='word_1_106' title='bbox 628 2235 724 2298; x_wconf 90' lang='lat' dir='ltr'><strong>ducto</strong></span> <span class='ocrx_word' id='word_1_107' title='bbox 759 2241 917 2318; x_wconf 90' lang='lat' dir='ltr'><strong>qnantum</strong></span> <span class='ocrx_word' id='word_1_108' title='bbox 949 2234 1105 2298; x_wconf 85' lang='lat' dir='ltr'><strong>Amisiam</strong></span> <span class='ocrx_word' id='word_1_109' title='bbox 1130 2240 1161 2299; x_wconf 89' lang='lat' dir='ltr'><strong>et</strong></span> <span class='ocrx_word' id='word_1_110' title='bbox 1183 2234 1316 2320; x_wconf 82' lang='lat' dir='ltr'><strong>Lupiam</strong></span> 
     </span>
     <span class='ocr_line' id='line_1_16' title="bbox 198 2323 1317 2432; baseline 0.002 -22"><span class='ocrx_word' id='word_1_111' title='bbox 198 2367 308 2413; x_wconf 91' lang='lat' dir='ltr'><strong>amnes</strong></span> <span class='ocrx_word' id='word_1_112' title='bbox 335 2349 420 2412; x_wconf 88' lang='lat' dir='ltr'><strong>inter</strong></span> <span class='ocrx_word' id='word_1_113' title='bbox 455 2323 557 2412; x_wconf 83' lang='lat' dir='ltr'><strong>vastat</strong></span> <span class='ocrx_word' id='word_1_114' title='bbox 570 2347 603 2425; x_wconf 71' lang='grc'><strong>7).</strong></span> <span class='ocrx_word' id='word_1_115' title='bbox 640 2347 724 2412; x_wconf 92' lang='lat' dir='ltr'><strong>Olim</strong></span> <span class='ocrx_word' id='word_1_116' title='bbox 748 2347 884 2412; x_wconf 89' lang='lat' dir='ltr'><strong>fortasse</strong></span> <span class='ocrx_word' id='word_1_117' title='bbox 907 2367 1062 2412; x_wconf 90' lang='lat' dir='ltr'><strong>oceanum</strong></span> <span class='ocrx_word' id='word_1_118' title='bbox 1086 2349 1267 2432; x_wconf 88' lang='lat' dir='ltr'><strong>attigerant,</strong></span> <span class='ocrx_word' id='word_1_119' title='bbox 1290 2351 1317 2414; x_wconf 90' lang='lat' dir='ltr'><strong>ai</strong></span> 
     </span>
     <span class='ocr_line' id='line_1_17' title="bbox 200 2442 1318 2528; baseline 0.005 -7"><span class='ocrx_word' id='word_1_120' title='bbox 200 2480 311 2526; x_wconf 89' lang='lat' dir='ltr'><strong>verum</strong></span> <span class='ocrx_word' id='word_1_121' title='bbox 349 2462 428 2525; x_wconf 85' lang='lat' dir='ltr'><strong>vidit</strong></span> <span class='ocrx_word' id='word_1_122' title='bbox 462 2460 561 2526; x_wconf 84' lang='lat' dir='ltr'><strong>Znuss</strong></span> <span class='ocrx_word' id='word_1_123' title='bbox 595 2442 712 2525; x_wconf 85' lang='lat' dir='ltr'><strong>nomen</strong></span> <span class='ocrx_word' id='word_1_124' title='bbox 749 2480 859 2526; x_wconf 91' lang='lat' dir='ltr'><strong>eorum</strong></span> <span class='ocrx_word' id='word_1_125' title='bbox 895 2480 968 2524; x_wconf 91' lang='lat' dir='ltr'><strong>curn</strong></span> <span class='ocrx_word' id='word_1_126' title='bbox 1002 2461 1170 2526; x_wconf 90' lang='lat' dir='ltr'><strong>Burcanae</strong></span> <span class='ocrx_word' id='word_1_127' title='bbox 1192 2463 1318 2528; x_wconf 90' lang='lat' dir='ltr'><strong>insulae</strong></span> 
     </span>
     <span class='ocr_line' id='line_1_18' title="bbox 198 2572 1318 2659; baseline 0.003 -22"><span class='ocrx_word' id='word_1_128' title='bbox 198 2576 327 2639; x_wconf 90' lang='lat' dir='ltr'><strong>nomine</strong></span> <span class='ocrx_word' id='word_1_129' title='bbox 362 2575 530 2638; x_wconf 89' lang='lat' dir='ltr'><strong>cohaerere</strong></span> <span class='ocrx_word' id='word_1_130' title='bbox 561 2572 814 2654; x_wconf 80' lang='lat' dir='ltr'><strong>contendens⁸);</strong></span> <span class='ocrx_word' id='word_1_131' title='bbox 844 2573 1063 2638; x_wconf 89' lang='lat' dir='ltr'><strong>Romanorum</strong></span> <span class='ocrx_word' id='word_1_132' title='bbox 1088 2581 1230 2659; x_wconf 89' lang='lat' dir='ltr'><strong>tempore</strong></span> <span class='ocrx_word' id='word_1_133' title='bbox 1253 2595 1318 2640; x_wconf 95' lang='lat' dir='ltr'><strong>non</strong></span> 
     </span>
     <span class='ocr_line' id='line_1_19' title="bbox 198 2687 1316 2774; baseline 0.001 -22"><span class='ocrx_word' id='word_1_134' title='bbox 198 2689 335 2773; x_wconf 90' lang='lat' dir='ltr'><strong>amplius</strong></span> <span class='ocrx_word' id='word_1_135' title='bbox 370 2689 409 2753; x_wconf 91' lang='lat' dir='ltr'><strong>ad</strong></span> <span class='ocrx_word' id='word_1_136' title='bbox 445 2687 607 2752; x_wconf 85' lang='lat' dir='ltr'><strong>Oceanum</strong></span> <span class='ocrx_word' id='word_1_137' title='bbox 640 2690 833 2772; x_wconf 89' lang='lat' dir='ltr'><strong>pertinuisse</strong></span> <span class='ocrx_word' id='word_1_138' title='bbox 864 2707 918 2753; x_wconf 90' lang='lat' dir='ltr'><strong>eos</strong></span> <span class='ocrx_word' id='word_1_139' title='bbox 942 2694 1030 2773; x_wconf 86' lang='lat' dir='ltr'><strong>puto,</strong></span> <span class='ocrx_word' id='word_1_140' title='bbox 1054 2692 1130 2773; x_wconf 89' lang='lat' dir='ltr'><strong>qnia</strong></span> <span class='ocrx_word' id='word_1_141' title='bbox 1154 2710 1316 2774; x_wconf 91' lang='lat' dir='ltr'><strong>nusquam</strong></span> 
     </span>
     <span class='ocr_line' id='line_1_20' title="bbox 198 2801 1319 2887; baseline 0.003 -21"><span class='ocrx_word' id='word_1_142' title='bbox 198 2804 232 2866; x_wconf 91' lang='lat' dir='ltr'><strong>in</strong></span> <span class='ocrx_word' id='word_1_143' title='bbox 253 2801 512 2885; x_wconf 87' lang='lat' dir='ltr'><strong>expeditionibus</strong></span> <span class='ocrx_word' id='word_1_144' title='bbox 535 2821 591 2886; x_wconf 92' lang='lat' dir='ltr'><strong>per</strong></span> <span class='ocrx_word' id='word_1_145' title='bbox 614 2801 705 2866; x_wconf 89' lang='lat' dir='ltr'><strong>littus</strong></span> <span class='ocrx_word' id='word_1_146' title='bbox 728 2803 839 2866; x_wconf 90' lang='lat' dir='ltr'><strong>oceani</strong></span> <span class='ocrx_word' id='word_1_147' title='bbox 851 2802 944 2867; x_wconf 83' lang='lat' dir='ltr'><strong>factis</strong></span> <span class='ocrx_word' id='word_1_148' title='bbox 956 2805 1174 2887; x_wconf 84' lang='lat' dir='ltr'><strong>nominantur,</strong></span> <span class='ocrx_word' id='word_1_149' title='bbox 1187 2805 1243 2869; x_wconf 85' lang='lat' dir='ltr'><strong>sed</strong></span> <span class='ocrx_word' id='word_1_150' title='bbox 1256 2810 1319 2869; x_wconf 90' lang='lat' dir='ltr'><strong>sta-</strong></span> 
     </span>
     <span class='ocr_line' id='line_1_21' title="bbox 197 2914 1318 3001; baseline 0.003 -23"><span class='ocrx_word' id='word_1_151' title='bbox 197 2917 256 2979; x_wconf 89' lang='lat' dir='ltr'><strong>tim</strong></span> <span class='ocrx_word' id='word_1_152' title='bbox 279 2923 350 2999; x_wconf 90' lang='lat' dir='ltr'><strong>post</strong></span> <span class='ocrx_word' id='word_1_153' title='bbox 373 2915 494 2980; x_wconf 76' lang='lat' dir='ltr'><strong>Frisios</strong></span> <span class='ocrx_word' id='word_1_154' title='bbox 517 2920 699 2999; x_wconf 84' lang='lat' dir='ltr'><strong>sequuntur</strong></span> <span class='ocrx_word' id='word_1_155' title='bbox 722 2914 859 2996; x_wconf 79' lang='lat' dir='ltr'><strong>Chauci3</strong></span> <span class='ocrx_word' id='word_1_156' title='bbox 884 2917 963 2979; x_wconf 88' lang='lat' dir='ltr'><strong>nihil</strong></span> <span class='ocrx_word' id='word_1_157' title='bbox 988 2916 1071 2980; x_wconf 87' lang='lat' dir='ltr'><strong>effici</strong></span> <span class='ocrx_word' id='word_1_158' title='bbox 1094 2936 1188 3001; x_wconf 91' lang='lat' dir='ltr'><strong>posse</strong></span> <span class='ocrx_word' id='word_1_159' title='bbox 1212 2919 1318 2982; x_wconf 93' lang='lat' dir='ltr'><strong>eloco</strong></span> 
     </span>
     <span class='ocr_line' id='line_1_22' title="bbox 198 3027 1320 3113; baseline 0 -19"><span class='ocrx_word' id='word_1_160' title='bbox 198 3028 365 3094; x_wconf 84' lang='lat' dir='ltr'><strong>Strabonis</strong></span> <span class='ocrx_word' id='word_1_161' title='bbox 388 3048 486 3113; x_wconf 90' lang='lat' dir='ltr'><strong>supra</strong></span> <span class='ocrx_word' id='word_1_162' title='bbox 509 3028 613 3109; x_wconf 84' lang='lat' dir='ltr'><strong>allato,</strong></span> <span class='ocrx_word' id='word_1_163' title='bbox 637 3027 695 3091; x_wconf 93' lang='lat' dir='ltr'><strong>ubi</strong></span> <span class='ocrx_word' id='word_1_164' title='bbox 718 3028 790 3108; x_wconf 76' lang='grc' dir='ltr'><strong>πρὸς</strong></span> <span class='ocrx_word' id='word_1_165' title='bbox 813 3027 854 3108; x_wconf 86' lang='grc' dir='ltr'><strong>τῷ</strong></span> <span class='ocrx_word' id='word_1_166' title='bbox 878 3028 1320 3113; x_wconf 71' lang='grc' dir='ltr'><strong>ὠκεανῷὴκώἰῖατθώἰαιιηωτ,</strong></span> 
     </span>
     <span class='ocr_line' id='line_1_23' title="bbox 200 3142 1319 3226; baseline 0.002 -20"><span class='ocrx_word' id='word_1_167' title='bbox 200 3145 307 3226; x_wconf 84' lang='lat' dir='ltr'><strong>quivis</strong></span> <span class='ocrx_word' id='word_1_168' title='bbox 327 3145 434 3208; x_wconf 91' lang='lat' dir='ltr'><strong>statim</strong></span> <span class='ocrx_word' id='word_1_169' title='bbox 454 3143 610 3226; x_wconf 86' lang='lat' dir='ltr'><strong>intellegit</strong></span> <span class='ocrx_word' id='word_1_170' title='bbox 630 3148 758 3226; x_wconf 90' lang='lat' dir='ltr'><strong>propter</strong></span> <span class='ocrx_word' id='word_1_171' title='bbox 776 3142 970 3226; x_wconf 83' lang='lat' dir='ltr'><strong>Sygambros</strong></span> <span class='ocrx_word' id='word_1_172' title='bbox 981 3145 1057 3208; x_wconf 92' lang='lat' dir='ltr'><strong>item</strong></span> <span class='ocrx_word' id='word_1_173' title='bbox 1071 3143 1140 3224; x_wconf 80' lang='grc' dir='ltr'><strong>πρὸς</strong></span> <span class='ocrx_word' id='word_1_174' title='bbox 1153 3144 1194 3224; x_wconf 86' lang='grc' dir='ltr'><strong>τῷ</strong></span> <span class='ocrx_word' id='word_1_175' title='bbox 1206 3145 1319 3223; x_wconf 78' lang='grc' dir='ltr'><em>ὠκεανῷ</em></span> 
     </span>
     <span class='ocr_line' id='line_1_24' title="bbox 200 3258 1320 3340; baseline 0.004 -22"><span class='ocrx_word' id='word_1_176' title='bbox 200 3258 390 3339; x_wconf 81' lang='lat' dir='ltr'><strong>nominator,</strong></span> <span class='ocrx_word' id='word_1_177' title='bbox 425 3275 507 3340; x_wconf 92' lang='lat' dir='ltr'><strong>quos</strong></span> <span class='ocrx_word' id='word_1_178' title='bbox 528 3275 705 3340; x_wconf 91' lang='lat' dir='ltr'><strong>numquam</strong></span> <span class='ocrx_word' id='word_1_179' title='bbox 730 3259 837 3339; x_wconf 90' lang='lat' dir='ltr'><strong>ipsum</strong></span> <span class='ocrx_word' id='word_1_180' title='bbox 862 3276 1018 3321; x_wconf 87' lang='lat' dir='ltr'><strong>oceanum</strong></span> <span class='ocrx_word' id='word_1_181' title='bbox 1043 3258 1219 3323; x_wconf 88' lang='lat' dir='ltr'><strong>accoluisse</strong></span> <span class='ocrx_word' id='word_1_182' title='bbox 1242 3261 1320 3322; x_wconf 89' lang='lat' dir='ltr'><strong>satis</strong></span> 
     </span>
     <span class='ocr_line' id='line_1_25' title="bbox 200 3368 1319 3454; baseline 0.001 -20"><span class='ocrx_word' id='word_1_183' title='bbox 200 3374 340 3450; x_wconf 81' lang='lat' dir='ltr'><strong>constat3</strong></span> <span class='ocrx_word' id='word_1_184' title='bbox 371 3369 440 3449; x_wconf 79' lang='grc' dir='ltr'><strong>πρὸς</strong></span> <span class='ocrx_word' id='word_1_185' title='bbox 469 3368 509 3448; x_wconf 88' lang='grc' dir='ltr'><strong>τῷ</strong></span> <span class='ocrx_word' id='word_1_186' title='bbox 537 3368 652 3448; x_wconf 79' lang='grc' dir='ltr'><em>ὠκεανῷ</em></span> <span class='ocrx_word' id='word_1_187' title='bbox 673 3370 774 3453; x_wconf 88' lang='lat' dir='ltr'><strong>igitur</strong></span> <span class='ocrx_word' id='word_1_188' title='bbox 796 3375 845 3434; x_wconf 89' lang='lat' dir='ltr'><strong>est</strong></span> <span class='ocrx_word' id='word_1_189' title='bbox 870 3389 954 3451; x_wconf 87' lang='lat' dir='ltr'><strong>„non</strong></span> <span class='ocrx_word' id='word_1_190' title='bbox 977 3371 1072 3454; x_wconf 93' lang='lat' dir='ltr'><strong>longe</strong></span> <span class='ocrx_word' id='word_1_191' title='bbox 1096 3371 1135 3434; x_wconf 92' lang='lat' dir='ltr'><strong>ab</strong></span> <span class='ocrx_word' id='word_1_192' title='bbox 1160 3369 1319 3436; x_wconf 88' lang='lat' dir='ltr'><strong>Oceano’&#39;.</strong></span> 
     </span>
     <span class='ocr_line' id='line_1_26' title="bbox 200 3464 1319 3568; baseline 0.003 -20"><span class='ocrx_word' id='word_1_193' title='bbox 200 3481 294 3559; x_wconf 80' lang='lat' dir='ltr'><strong>Quod</strong></span> <span class='ocrx_word' id='word_1_194' title='bbox 323 3464 376 3548; x_wconf 55' lang='lat' dir='ltr'><strong>&#39;ad</strong></span> <span class='ocrx_word' id='word_1_195' title='bbox 417 3483 515 3549; x_wconf 89' lang='lat' dir='ltr'><strong>finem</strong></span> <span class='ocrx_word' id='word_1_196' title='bbox 550 3483 777 3548; x_wconf 89' lang='lat' dir='ltr'><strong>occidentalem</strong></span> <span class='ocrx_word' id='word_1_197' title='bbox 813 3483 1042 3549; x_wconf 91' lang='lat' dir='ltr'><strong>Bructerorum</strong></span> <span class='ocrx_word' id='word_1_198' title='bbox 1077 3489 1198 3568; x_wconf 82' lang='lat' dir='ltr'><strong>attinet,</strong></span> <span class='ocrx_word' id='word_1_199' title='bbox 1233 3493 1319 3551; x_wconf 87' lang='lat' dir='ltr'><strong>certo</strong></span> 
     </span>
     <span class='ocr_line' id='line_1_27' title="bbox 201 3595 1320 3684; baseline 0.003 -22"><span class='ocrx_word' id='word_1_200' title='bbox 201 3600 283 3663; x_wconf 88' lang='lat' dir='ltr'><strong>scire</strong></span> <span class='ocrx_word' id='word_1_201' title='bbox 318 3617 353 3662; x_wconf 87' lang='lat' dir='ltr'><strong>se</strong></span> <span class='ocrx_word' id='word_1_202' title='bbox 387 3602 477 3682; x_wconf 86' lang='lat' dir='ltr'><strong>putat</strong></span> <span class='ocrx_word' id='word_1_203' title='bbox 509 3618 536 3661; x_wconf 88' lang='lat' dir='ltr'><strong>v.</strong></span> <span class='ocrx_word' id='word_1_204' title='bbox 573 3598 601 3661; x_wconf 93' lang='lat' dir='ltr'><strong>d.</strong></span> <span class='ocrx_word' id='word_1_205' title='bbox 633 3595 816 3676; x_wconf 70' lang='lat' dir='ltr'><strong>ammana</strong></span> <span class='ocrx_word' id='word_1_206' title='bbox 839 3600 926 3682; x_wconf 86' lang='lat' dir='ltr'><strong>ripae</strong></span> <span class='ocrx_word' id='word_1_207' title='bbox 950 3598 1054 3663; x_wconf 87' lang='lat' dir='ltr'><strong>Rheni</strong></span> <span class='ocrx_word' id='word_1_208' title='bbox 1078 3602 1242 3684; x_wconf 88' lang='lat' dir='ltr'><strong>proximos</strong></span> <span class='ocrx_word' id='word_1_209' title='bbox 1265 3621 1320 3665; x_wconf 90' lang='lat' dir='ltr'><strong>eos</strong></span> 
     </span>
    </p>
   </div>
   <div class='ocr_carea' id='block_1_3' title="bbox 233 3795 904 4599">
    <p class='ocr_par' dir='ltr' id='par_1_3' title="bbox 233 3795 515 3861">
     <span class='ocr_line' id='line_1_28' title="bbox 233 3795 515 3861; baseline -0.007 -13"><span class='ocrx_word' id='word_1_210' title='bbox 233 3796 262 3859; x_wconf 79' lang='grc'><strong>1)</strong></span> <span class='ocrx_word' id='word_1_211' title='bbox 280 3798 338 3848; x_wconf 90' lang='lat' dir='ltr'><strong>Tac.</strong></span> <span class='ocrx_word' id='word_1_212' title='bbox 357 3797 454 3861; x_wconf 67' lang='lat' dir='ltr'><strong>Germ„</strong></span> <span class='ocrx_word' id='word_1_213' title='bbox 474 3795 515 3847; x_wconf 85' lang='lat'><strong>33.</strong></span> 
     </span>
    </p>

    <p class='ocr_par' dir='ltr' id='par_1_4' title="bbox 234 3887 411 3954">
     <span class='ocr_line' id='line_1_29' title="bbox 234 3887 411 3954; baseline 0.011 -16"><span class='ocrx_word' id='word_1_214' title='bbox 234 3888 262 3954; x_wconf 73' lang='lat' dir='ltr'><strong>B)</strong></span> <span class='ocrx_word' id='word_1_215' title='bbox 279 3888 336 3954; x_wconf 86' lang='lat' dir='ltr'><strong>Vll,</strong></span> <span class='ocrx_word' id='word_1_216' title='bbox 353 3887 411 3940; x_wconf 78' lang='lat' dir='ltr'><strong>ael.</strong></span> 
     </span>
    </p>

    <p class='ocr_par' dir='ltr' id='par_1_5' title="bbox 234 3980 540 4048">
     <span class='ocr_line' id='line_1_30' title="bbox 234 3980 540 4048; baseline -0.01 -16"><span class='ocrx_word' id='word_1_217' title='bbox 234 3981 263 4046; x_wconf 88' lang='lat'><strong>3)</strong></span> <span class='ocrx_word' id='word_1_218' title='bbox 279 3983 339 4033; x_wconf 88' lang='lat' dir='ltr'><strong>Tac.</strong></span> <span class='ocrx_word' id='word_1_219' title='bbox 357 3982 433 4048; x_wconf 77' lang='lat' dir='ltr'><strong>nist,</strong></span> <span class='ocrx_word' id='word_1_220' title='bbox 451 3982 481 4045; x_wconf 86' lang='lat' dir='ltr'><strong>V,</strong></span> <span class='ocrx_word' id='word_1_221' title='bbox 499 3980 540 4030; x_wconf 75' lang='lat'><strong>22.</strong></span> 
     </span>
    </p>

    <p class='ocr_par' dir='ltr' id='par_1_6' title="bbox 234 4072 444 4138">
     <span class='ocr_line' id='line_1_31' title="bbox 234 4072 444 4138; baseline 0.005 -15"><span class='ocrx_word' id='word_1_222' title='bbox 234 4072 444 4138; x_wconf 52' lang='lat' dir='ltr'><strong>BQOEOE</strong></span> 
     </span>
    </p>

    <p class='ocr_par' dir='ltr' id='par_1_7' title="bbox 235 4164 409 4229">
     <span class='ocr_line' id='line_1_32' title="bbox 235 4164 409 4229; baseline 0.011 -14"><span class='ocrx_word' id='word_1_223' title='bbox 235 4165 263 4229; x_wconf 90' lang='lat'><strong>5)</strong></span> <span class='ocrx_word' id='word_1_224' title='bbox 279 4165 335 4229; x_wconf 87' lang='lat' dir='ltr'><strong>Vll,</strong></span> <span class='ocrx_word' id='word_1_225' title='bbox 351 4164 409 4217; x_wconf 74' lang='lat'><strong>290.</strong></span> 
     </span>
    </p>

    <p class='ocr_par' dir='ltr' id='par_1_8' title="bbox 235 4255 391 4322">
     <span class='ocr_line' id='line_1_33' title="bbox 235 4255 391 4322; baseline 0.013 -16"><span class='ocrx_word' id='word_1_226' title='bbox 235 4255 263 4322; x_wconf 88' lang='grc'><strong>6)</strong></span> <span class='ocrx_word' id='word_1_227' title='bbox 281 4257 391 4308; x_wconf 87' lang='lat' dir='ltr'><strong>Ibidem.</strong></span> 
     </span>
    </p>

    <p class='ocr_par' dir='ltr' id='par_1_9' title="bbox 236 4346 530 4416">
     <span class='ocr_line' id='line_1_34' title="bbox 236 4346 530 4416; baseline 0.01 -19"><span class='ocrx_word' id='word_1_228' title='bbox 236 4346 263 4409; x_wconf 85' lang='grc'><strong>7)</strong></span> <span class='ocrx_word' id='word_1_229' title='bbox 280 4349 340 4402; x_wconf 87' lang='lat' dir='ltr'><strong>Tac.</strong></span> <span class='ocrx_word' id='word_1_230' title='bbox 357 4349 436 4414; x_wconf 75' lang='lat' dir='ltr'><strong>Anu,</strong></span> <span class='ocrx_word' id='word_1_231' title='bbox 453 4351 472 4416; x_wconf 85' lang='lat'><strong>1,</strong></span> <span class='ocrx_word' id='word_1_232' title='bbox 490 4348 530 4400; x_wconf 81' lang='grc'><strong>60.</strong></span> 
     </span>
    </p>

    <p class='ocr_par' dir='ltr' id='par_1_10' title="bbox 236 4439 540 4509">
     <span class='ocr_line' id='line_1_35' title="bbox 236 4439 540 4509; baseline -0.003 -18"><span class='ocrx_word' id='word_1_233' title='bbox 236 4439 264 4505; x_wconf 90' lang='grc'><strong>8)</strong></span> <span class='ocrx_word' id='word_1_234' title='bbox 281 4442 298 4493; x_wconf 90' lang='lat' dir='ltr'><strong>l.</strong></span> <span class='ocrx_word' id='word_1_235' title='bbox 316 4442 332 4492; x_wconf 96' lang='lat' dir='ltr'><strong>l.</strong></span> <span class='ocrx_word' id='word_1_236' title='bbox 350 4457 376 4506; x_wconf 94' lang='lat' dir='ltr'><strong>p.</strong></span> <span class='ocrx_word' id='word_1_237' title='bbox 393 4439 434 4509; x_wconf 75' lang='lat'><strong>92,</strong></span> <span class='ocrx_word' id='word_1_238' title='bbox 450 4447 540 4492; x_wconf 82' lang='lat' dir='ltr'><strong>annot.</strong></span> 
     </span>
    </p>

    <p class='ocr_par' dir='ltr' id='par_1_11' title="bbox 236 4531 904 4599">
     <span class='ocr_line' id='line_1_36' title="bbox 236 4531 904 4599; baseline 0 -16"><span class='ocrx_word' id='word_1_239' title='bbox 236 4531 264 4599; x_wconf 84' lang='lat'><strong>9)</strong></span> <span class='ocrx_word' id='word_1_240' title='bbox 283 4533 335 4584; x_wconf 88' lang='lat' dir='ltr'><strong>Das</strong></span> <span class='ocrx_word' id='word_1_241' title='bbox 352 4533 423 4584; x_wconf 81' lang='lat' dir='ltr'><strong>land</strong></span> <span class='ocrx_word' id='word_1_242' title='bbox 445 4534 499 4584; x_wconf 88' lang='lat' dir='ltr'><strong>und</strong></span> <span class='ocrx_word' id='word_1_243' title='bbox 517 4533 583 4583; x_wconf 85' lang='lat' dir='ltr'><strong>Volk</strong></span> <span class='ocrx_word' id='word_1_244' title='bbox 602 4532 649 4582; x_wconf 91' lang='lat' dir='ltr'><strong>der</strong></span> <span class='ocrx_word' id='word_1_245' title='bbox 668 4532 819 4591; x_wconf 86' lang='lat' dir='ltr'><strong>Bructcrer‚</strong></span> <span class='ocrx_word' id='word_1_246' title='bbox 837 4547 862 4596; x_wconf 89' lang='lat' dir='ltr'><strong>p.</strong></span> <span class='ocrx_word' id='word_1_247' title='bbox 880 4531 904 4584; x_wconf 87' lang='lat'><strong>9.</strong></span> 
     </span>
    </p>
   </div>
   <div class='ocr_carea' id='block_1_4' title="bbox 0 0 1638 5304">
    <p class='ocr_par' dir='ltr' id='par_1_12' title="bbox 0 0 1638 5304">
     <span class='ocr_line' id='line_1_37' title="bbox 0 0 1638 5304; baseline 0 0"><span class='ocrx_word' id='word_1_248' title='bbox 0 0 1638 5304; x_wconf 95' lang='lat' dir='ltr'><strong> </strong></span> 
     </span>
    </p>
   </div>
  </div>
 </body>
</html>
