3240 5304
857 551 897 614 82

317 753 391 801 oum
416 739 448 800 et
471 735 560 802 hisce
582 737 623 801 de
645 737 754 801 causis
777 741 816 805 et
830 740 959 820 propter
983 736 1179 800 simillimam
1203 737 1244 801 de
1266 739 1352 822 regis
1373 738 1440 802 filio

316 850 530 915 narrationem
557 849 852 934 probabilissimum
889 851 940 930 sit,
975 851 1054 914 nihil
1090 870 1150 915 nos
1184 852 1326 935 impedit,
1362 873 1441 936 quo-

317 965 425 1029 minus
456 964 537 1027 duas
567 964 663 1029 hasce
686 966 885 1028 narrationes
905 965 1093 1048 jungamus.
1119 963 1207 1029 Gens
1231 965 1348 1048 aliqua,
1373 968 1443 1030 sive

316 1076 470 1142 (lbamavi
501 1079 570 1141 sive
600 1074 705 1152 Quadi
738 1078 808 1141 sive
844 1077 907 1158 alii,
932 1076 1096 1141 Bataviam
1122 1085 1265 1161 occupat,
1289 1077 1344 1142 ubi
1368 1085 1442 1142 ante

315 1210 371 1256 eos
393 1191 473 1256 Salii
495 1192 588 1256 sedes
612 1190 798 1255 habuerant.
823 1190 943 1254 Eorum
968 1195 1084 1255 terram
1108 1192 1275 1274 ingressus
1287 1192 1442 1256 Julianus

316 1324 427 1390 paoem
448 1307 489 1370 iis
513 1305 669 1385 concedit,
693 1324 790 1389 quam
814 1304 876 1368 sibi
897 1323 1027 1388 quoque
1045 1306 1258 1369 necessariam
1272 1324 1342 1369 esse
1355 1306 1443 1370 videt

316 1424 444 1502 propter
467 1417 623 1482 frumenti
646 1416 826 1481 Britannici
850 1436 994 1481 securam
1022 1419 1307 1481 transmissionem.

359 1531 495 1616 Propter
516 1530 717 1596 firmentum
731 1529 955 1595 Britannicum
969 1532 1001 1593 in
1017 1530 1182 1596 Bataviam
1198 1534 1326 1596 venisse
1336 1531 1358 1595 J
1360 1533 1440 1596 ulia·

317 1665 396 1710 num
420 1650 451 1710 et
474 1666 492 1710 a
516 1644 649 1709 libanio
674 1651 705 1709 et
731 1644 771 1708 ab
795 1646 968 1708 Ammiano
988 1646 1055 1727 jam
1079 1646 1323 1725 audiveramus,
1349 1666 1439 1731 prae-

317 1765 403 1824 terea
427 1760 466 1824 de
489 1759 657 1824 obsidibus
681 1765 712 1822 et
734 1761 804 1842 ipse
826 1759 972 1842 loquitur
995 1757 1110 1824 Caesar
1134 1766 1165 1824 et
1177 1760 1262 1843 apud
1275 1759 1438 1824 Zosimum

316 1873 568 1958 Eunapiumque
602 1874 700 1955 buJus
724 1874 771 1936 rei
788 1871 825 1936 iit
849 1875 977 1937 mentio.
1001 1874 1097 1956 Apud
1122 1893 1234 1938 omnes
1258 1875 1298 1938 de
1322 1875 1384 1938 alia
1408 1893 1441 1938 re

318 1991 426 2074 agitur
460 2007 497 2052 ac
532 1989 571 2052 de
606 1987 812 2072 expeditione
845 1989 938 2052 tertia
973 2007 1070 2072 supra
1106 1995 1299 2053 memorata:
1334 1993 1444 2072 itaque

317 2102 456 2167 dubium
485 2102 563 2165 mibi
586 2121 650 2164 non
676 2101 811 2182 videtur,
836 2102 915 2184 quin
940 2101 992 2164 bic
1015 2103 1125 2166 eadem
1151 2102 1190 2166 ab
1214 2102 1364 2168 omnibus
1388 2123 1441 2168 res

322 2221 485 2298 tractetur,
519 2234 622 2299 eaque
656 2216 727 2299 ipsa
756 2214 812 2278 illa
843 2215 1004 2299 expeditio
1028 2221 1142 2298 quarta
1163 2216 1318 2282 frumenti
1342 2237 1442 2282 causa

316 2333 348 2394 in
373 2329 540 2393 Bataviam
565 2332 713 2411 suscepta
738 2330 787 2391 sit.

360 2440 451 2518 Quae
491 2444 518 2506 si
556 2441 762 2525 probabiliter
796 2442 1045 2525 disputavimus,
1081 2445 1247 2527 quaeritur
1281 2464 1341 2508 cur
1374 2451 1439 2508 tam

214 2617 218 2626 ,
315 2555 412 2620 exilia
436 2556 475 2620 de
498 2555 557 2619 bac
579 2573 614 2618 re
637 2555 756 2619 iudicia
779 2555 864 2639 apud
889 2556 1108 2638 Ammianum,
1132 2555 1314 2639 libanium,
1333 2559 1439 2644 ipsum

316 2670 481 2736 Gaesarem
524 2671 738 2733 inveniamus.
773 2667 834 2732 Cui
870 2671 1049 2753 quaestioni
1084 2670 1176 2734 facile
1210 2672 1439 2755 respondetur:

316 2787 393 2870 quia
422 2803 532 2848 revera
563 2785 596 2846 in
621 2801 658 2847 ea
682 2784 887 2866 expeditione
911 2784 1001 2847 nulla
1023 2783 1106 2847 facta
1129 2790 1177 2848 est
1201 2803 1310 2867 pugna
1334 2803 1440 2868 neque

315 2898 450 2962 uliares
474 2901 653 2961 memoratu
676 2896 774 2979 digna
797 2896 928 2972 accidit3
951 2896 1037 2980 apud
1056 2898 1144 2979 ipsos
1156 2895 1338 2979 Eunapium
1353 2896 1440 2960 Zosi-

316 3030 470 3095 mumque
493 3015 557 3074 tam
582 3010 654 3074 fuse
678 3011 718 3074 de
737 3011 888 3074 omnibus
901 3017 1030 3094 agentes
1042 3011 1122 3107 nibil
1136 3012 1267 3074 omnino
1280 3011 1320 3075 de
1332 3011 1440 3094 aliquo

314 3127 418 3210 ipsius
443 3123 587 3188 Caesaris
611 3124 752 3187 facinore
776 3123 930 3206 legimus3
955 3124 1187 3188 latrocinantur
1211 3126 1318 3188 bostes
1342 3131 1441 3206 etper

314 3239 454 3302 latrones
489 3237 693 3301 lacessuntur
728 3256 745 3299 a
781 3235 946 3322 Romanis,
976 3242 1054 3300 tunc
1078 3256 1187 3320 pacem
1210 3244 1332 3320 petunt.
1355 3236 1439 3301 Satis

314 3352 468 3436 indignus
505 3351 646 3435 profecto
682 3349 757 3413 belli
786 3350 919 3432 gerendi
945 3351 1059 3415 modus
1083 3370 1190 3435 neque
1214 3351 1381 3433 ejusmodi,
1405 3358 1442 3413 ut

316 3466 426 3530 multis
449 3466 669 3548 speciosisque
692 3463 798 3526 verbis
821 3463 1018 3529 celebreturl
1041 3464 1063 3528 J
1067 3484 1123 3529 ure
1146 3466 1320 3547 igiturnon
1335 3464 1439 3527 solum

315 3580 518 3672 Ammianus,
543 3579 699 3661 quamvis.
715 3579 784 3660 ipse
806 3580 1035 3641 asseveraverit
1059 3577 1173 3642 Caesar
1196 3575 1276 3657 ἔργον
1296 3578 1327 3641 οὐ
1340 3577 1441 3657 μικρὸν

314 3693 416 3757 fuisse
439 3691 489 3755 eva
513 3691 581 3763 τοὺς
601 3689 805 3767 ἐπικειμένους
826 3689 876 3754 aa)
889 3695 1103 3770 reportabatur
1117 3690 1244 3763 πλύνων
1257 3688 1441 3771 βοιρβοέρους,

315 3806 443 3871 hostilia
468 3806 715 3889 qualiacumque
738 3823 780 3867 ne
803 3804 900 3867 verbo
925 3805 1053 3888 quidem
1078 3812 1439 3884 commemorat,verum

315 3922 410 3985 etiam
445 3919 600 3982 Libanius
634 3925 806 3982 annotasse
840 3928 888 3983 sat
924 3920 1027 4000 babet,
1062 3938 1161 3983 naves
1184 3918 1296 3982 Rheno
1320 3921 1442 3983 immis-

316 4056 368 4101 sas
393 4053 464 4100 esse
487 4037 544 4097 τῶν
569 4030 811 4112 προσδοκωμένων
834 4029 977 4096 κωλύσειν
1000 4030 1246 4110 ἀποκρινομένων
1258 4033 1324 4110 μέν,
1337 4029 1441 4110 εἵργειν

316 4148 348 4212 el
372 4149 424 4212 οὐκ
448 4145 587 4227 ἐχόντων.
611 4145 684 4209 Non
710 4145 814 4209 solum
839 4143 1059 4222 οὶποπνίνεοθκι
1085 4143 1219 4210 verbum
1243 4148 1362 4230 optime
1383 4145 1440 4209 Zo-

317 4265 392 4327 simi
415 4261 591 4326 narrationi
614 4261 775 4341 convenit,
799 4259 856 4323 sed
879 4277 920 4323 ex
945 4260 1049 4342 ipsius
1071 4259 1196 4323 Juliani
1220 4279 1352 4342 quoque
1373 4260 1443 4323 loco

318 4397 458 4462 pugnam
493 4376 609 4440 factam
645 4392 709 4436 non
734 4391 804 4438 esse
828 4378 975 4457 apparet:
1000 4369 1075 4436 οὕτω
1100 4371 1131 4436 δὲ
1155 4369 1276 4446 adurar
1299 4371 1442 4454 έφόβκοοι

317 4489 370 4554 aa}
397 4487 611 4569 ποιρεοκειέονοκ
634 4483 834 4561 κοιποιππῆξοιι
859 4486 912 4559 τὴν
937 4485 1011 4564 ἕμίρν
1030 4485 1145 4567 ἔφοδον,
1158 4483 1234 4550 ὥστε
1248 4495 1442 4567 ποιροοχρῆμοι
