3244 5296
839 541 903 604 170
1032 595 1036 604 .

792 725 951 791 XXVIII.

355 913 418 978 Cio.
443 914 482 978 de
504 913 557 977 fin.
582 914 655 979 bon.
680 918 712 979 et
736 915 807 978 mal.
831 913 856 996 Ι,
880 915 918 978 2:
943 913 1061 979 Contra
1085 934 1167 998 quos
1190 933 1302 978 omnes
1326 915 1434 980 dioen-

309 1047 382 1091 rum
424 1027 563 1096 breviter
597 1031 778 1094 existumo:
814 1048 1011 1112 quamquam
1048 1028 1268 1112 philosophiae
1303 1029 1433 1112 quidem

310 1140 582 1225 vituperatoribus
616 1142 694 1207 satis
727 1160 919 1226 responsum
954 1146 1002 1207 ost
1034 1160 1071 1207 eo
1095 1141 1186 1222 libro,
1210 1160 1274 1225 quo
1298 1162 1316 1205 a
1340 1141 1434 1208 nobis

310 1253 533 1339 [philosophia]
569 1253 698 1320 defensa
732 1258 764 1318 et
794 1254 975 1320 collaudate
998 1259 1055 1337 est,
1078 1273 1153 1319 oum
1178 1258 1262 1319 esset
1285 1259 1435 1319 aoousata

310 1371 341 1432 et
364 1369 544 1452 vituperato
566 1366 606 1432 ab
629 1367 812 1433 Hortensio.

343 1481 435 1546 ibid.
468 1481 505 1546 o:
531 1479 625 1558 Quod
648 1483 676 1547 si
699 1501 849 1547 noanon
872 1484 1081 1567 interpretum
1106 1481 1274 1566 fungimur
1294 1501 1435 1566 munere,

311 1597 368 1661 sed
391 1601 521 1661 tuemur
543 1615 590 1677 ea,
612 1615 695 1680 quae
719 1596 804 1661 dicta
822 1600 901 1661 sunt
919 1595 959 1661 ab
971 1597 1020 1679 iis,
1033 1615 1115 1680 quos
1128 1595 1311 1680 probamus,
1324 1595 1436 1679 eisque
1609 1677 1610 1680 Ἴ

311 1714 457 1775 nostrum
479 1710 638 1792 judioium
661 1714 692 1775 et
714 1715 861 1775 nostrum
881 1709 1042 1776 scribendi
1062 1710 1207 1775 ordinem
1220 1709 1436 1794 adjungimus,
1558 1757 1561 1760 ι

312 1825 390 1908 quid
425 1823 543 1889 habent
577 1843 636 1889 our
671 1823 793 1890 Graeca
816 1829 1013 1909 anteponant
1034 1826 1086 1908 iis,
1108 1843 1192 1909 qnae
1215 1829 1246 1889 et
1269 1823 1435 1908 splendide
1609 1819 1610 1826 ’

312 1938 397 2003 diota
431 1956 538 2021 neque
573 1939 638 2002 sint
673 1956 828 2003 conversa
862 1938 903 2003 de
926 1937 1080 2003 Graecis?
1104 1935 1186 2001 Nam
1211 1938 1239 2002 si
1263 1937 1371 2001 dicent
1394 1935 1433 2000 ab

311 2051 376 2116 illis
411 2051 468 2115 has
503 2070 554 2116 res
591 2069 662 2117 esse
707 2055 866 2133 tractatae,
895 2070 936 2115 ue
958 2053 1046 2135 ipsos
1070 2050 1200 2134 quidem
1225 2049 1363 2114 Graecos
1389 2054 1437 2114 est

312 2185 370 2229 our
393 2169 458 2229 tum
484 2165 603 2229 multos
626 2164 757 2249 legaut[,
779 2185 877 2248 quam
899 2163 1027 2249 legendi
1052 2163 1150 2247 sunt].

356 2277 446 2355 Quae
470 2278 599 2342 uncinis
622 2279 727 2362 saepsi
751 2278 927 2343 deleantur.

809 2535 937 2600 xxm.

356 2725 736 2810 mmmm

490 2875 587 2942 Nuno
609 2877 690 2942 lenis
714 2875 790 2941 belli
812 2879 987 2959 nostraquo
1009 2874 1182 2957 remittitur
1203 2874 1265 2938 ira.

358 3028 449 3115 Leg.:
474 3027 604 3094 revomit
626 3027 672 3092 ab.

819 3221 929 3290 XXX.
1029 3213 1031 3221 '

357 3419 464 3482 Amm.
488 3415 584 3480 Maro.
607 3413 699 3498 XIV,
723 3417 753 3498 2,
779 3415 837 3478 19:
858 3413 944 3479 Illud
964 3417 1072 3479 tamen
1092 3414 1219 3479 oluuaos
1233 3413 1438 3478 vehementer

314 3530 459 3616 angebat,
494 3531 580 3614 quod
612 3531 713 3614 oaptis
738 3529 885 3613 navigiis,
909 3546 992 3612 quae
1015 3527 1176 3593 frumenta
1200 3526 1360 3592 vehebant
1382 3543 1439 3609 per

312 3643 444 3725 flumen,
478 3643 583 3707 Isauri
618 3642 748 3727 quidem
783 3642 1008 3706 alimentorum
1044 3643 1145 3726 oopiis
1169 3639 1353 3723 affluebant,
1376 3639 1438 3723 ipsi

314 3777 390 3824 vero
424 3755 587 3822 soritarum
621 3775 727 3821 rerum
763 3755 851 3820 cibos
879 3757 946 3838 jam
970 3755 1189 3821 consumendo
1213 3755 1340 3820 inediae
1362 3773 1438 3838 pro·

313 3872 502 3957 pinquantis
526 3889 696 3935 aerumnas
720 3869 860 3934 exitialis
884 3867 1062 3934 horrebant.

358 3986 448 4071 Lep:
473 3983 681 4050 insolitorum.

814 4193 941 4259 XXXI.

359 4388 465 4451 Amm.
499 4384 596 4450 Maro.
633 4381 706 4466 XV,
743 4385 773 4464 2,
808 4383 843 4447 9:
879 4381 948 4447 Neo
982 4382 1111 4447 defuere
1145 4380 1296 4464 deinceps
1323 4399 1364 4444 ex
1389 4379 1441 4444 hta

316 4501 509 4586 emergentia
544 4498 683 4582 casibus,
719 4515 802 4582 quae
837 4497 1009 4581 dispiceres
1042 4495 1193 4561 secundis
1225 4493 1342 4559 avibus
1366 4511 1441 4556 oon·
