3240 5304
711 543 752 608 te

166 730 331 816 probabile
354 737 412 813 est,
436 731 588 814 quoniam
612 729 690 794 alibi
715 729 795 794 nihil
818 730 877 794 hac
902 729 941 795 de
964 749 999 794 ro
1021 730 1218 810 invenimus,
1238 733 1295 794 aut

166 866 187 911 e
222 845 304 910 bello
336 846 512 929 posteriore
535 844 775 928 Bructerorum,
798 845 885 928 quod
911 864 975 908 uon
1000 837 1236 926 commemorat,
1259 846 1294 908 iu

167 959 290 1024 bellum
319 957 510 1022 Francicum
541 977 596 1022 eos
619 977 727 1022 errore
751 960 869 1023 ductus
894 960 1093 1042 transposuit
1118 957 1294 1042 Eutropius

167 1074 222 1139 vel
247 1073 319 1138 fons
339 1075 420 1156 ejus,
444 1079 501 1137 aut
525 1059 617 1158 quasi
642 1093 708 1138 uua
731 1073 837 1156 fuerit,
860 1079 975 1138 tractat
999 1073 1235 1158 expeditionem
1261 1075 1295 1137 in

167 1189 309 1253 Francos
340 1193 371 1253 et
406 1189 544 1272 priorem
578 1190 612 1251 in
644 1187 828 1270 Bructeros,
847 1189 913 1271 jam
939 1194 1017 1252 tunc
1039 1187 1079 1252 ab
1103 1187 1294 1254 Alemannis

165 1305 307 1386 juratos.

216 1417 278 1482 Sed
312 1418 481 1482 redeamus
516 1419 557 1482 ad
587 1417 771 1482 Nazarium.
796 1417 978 1498 Quaeritur,
1001 1418 1059 1482 ubi
1083 1419 1295 1483 habitaverint

169 1531 294 1612 Franci,
319 1531 374 1595 ubi
398 1530 560 1595 Chamavi.
585 1530 774 1612 Chamavos,
797 1535 854 1616 qui
874 1533 958 1597 inter
977 1538 1089 1616 gentes
1108 1533 1295 1596 illustrans-

169 1645 329 1709 rhenauas
352 1645 625 1710 enumerabantur
647 1651 680 1710 et
702 1645 830 1711 foedere
854 1648 895 1711 iis
918 1647 1082 1730 conjuncti
1094 1651 1194 1728 erant,
1206 1647 1294 1730 ipsos

170 1764 261 1822 trans
292 1757 441 1824 Rhenum
468 1759 560 1824 sedes
583 1762 735 1836 tenuisse,
755 1763 820 1842 jam
847 1779 903 1844 per
926 1779 961 1824 se
983 1760 1157 1825 admodum
1181 1759 1294 1844 proba-

170 1872 236 1937 bile
268 1879 335 1950 est;
369 1873 408 1938 de
442 1873 573 1938 Francis
598 1893 674 1938 vero
695 1875 760 1957 jam
786 1876 930 1940 vidimus
953 1877 1046 1939 initio
1069 1877 1196 1959 imperii
1220 1895 1293 1938 cum

170 1989 212 2052 iis
254 1988 423 2052 dimicasse
463 1989 699 2072 imperatorem,
738 1991 825 2073 apud
865 1990 1046 2054 Eusebium
1083 1995 1189 2054 autem
1223 1987 1292 2067 γένη

172 2098 341 2184 βαρβάρων,
364 2109 476 2167 contra
499 2122 583 2186 quae
607 2105 762 2186 pugnavit
787 2105 824 2176 ὡς
848 2103 899 2167 ἐπὶ
922 2111 977 2178 τῆς
997 2102 1161 2182 &aurariae
1183 2099 1294 2184 ἵδρυτο,

171 2214 315 2279 habitare
350 2215 503 2280 dicuntur
537 2215 626 2296 ἀμφὶ
659 2217 755 2291 Ῥῆνον
778 2217 917 2294 ποταμὸν
939 2215 1073 2298 {rudperto
1097 2241 1133 2282 τε
1156 2215 1295 2292 ὢκεκνόνς

171 2329 287 2393 Franci
321 2332 422 2413 igitur
451 2331 544 2395 sedes
575 2331 716 2396 habuere
740 2333 779 2396 ad
804 2331 952 2396 Rhenum
978 2338 1009 2396 et
1034 2351 1188 2396 oceanum
1214 2331 1297 2394 oeci·

172 2444 310 2524 dentem,
333 2446 351 2507 i.
365 2463 391 2510 e.
417 2443 473 2507 ubi
496 2452 527 2510 et
550 2451 643 2509 antea
666 2465 721 2510 eos
746 2446 1003 2528 inveniebamus,
1026 2447 1059 2509 in
1082 2446 1190 2510 insula
1201 2444 1297 2509 Bata·

172 2577 286 2621 vorum
311 2558 562 2642 regionibusque
587 2562 720 2639 vieinis3
742 2560 803 2623 hoo
817 2580 882 2623 uno
895 2561 1026 2623 omniuo
1038 2560 1107 2624 loco
1121 2563 1298 2643 potueruut

173 2676 261 2734 trans
295 2669 611 2752 Rhenumhabitare
635 2693 670 2736 ao
696 2674 794 2737 simul
818 2673 857 2736 ad
882 2691 1038 2737 oceanum
1064 2675 1230 2756 pertinere.
1257 2672 1296 2736 ht

174 2786 261 2869 quod
286 2791 355 2868 post
379 2785 614 2868 expeditionem
638 2785 788 2851 Rhenum
814 2788 953 2852 castellis
978 2789 1172 2852 instructum
1189 2807 1296 2868 ,aceo-

174 2900 239 2962 lere
262 2918 327 2962 non
352 2899 493 2963 audere‘'
512 2901 676 2982 dicuntur,
694 2902 749 2966 sed
763 2902 973 2965 nihilominus
989 2922 1043 2983 ,se
1055 2921 1149 2986 posse
1161 2903 1299 2966 transire

174 3011 322 3076 Rhenum
348 3011 479 3078 sciunt’'
503 3014 562 3078 hoc
585 3015 691 3097 ipsum
717 3015 912 3079 documento
936 3017 1040 3080 estin
1065 3014 1169 3080 Rheni
1190 3016 1297 3098 proxi-

174 3127 292 3208 mitate,
314 3127 389 3191 licet
413 3147 478 3190 non
502 3129 535 3191 in
555 3128 625 3211 ipsa
645 3129 722 3212 ripa,
742 3147 796 3192 eos
816 3128 1093 3209 habitasse;inter
1107 3126 1298 3210 „Rhenum”

174 3247 206 3309 et
239 3239 436 3321 „Vahalem”
464 3247 495 3304 et
518 3246 611 3305 autea
634 3246 665 3305 et
688 3247 798 3325 postea
822 3263 888 3306 non
912 3244 1076 3328 distingui,
1101 3244 1243 3307 vidimus
1268 3249 1299 3308 et

174 3354 372 3433 videbimus;
394 3357 489 3436 juxta
512 3354 660 3420 Rhenum
685 3355 908 3441 Vahalernque
939 3377 1044 3441 usque
1068 3358 1109 3421 ad
1132 3356 1294 3422 Oceanum

174 3471 321 3553 dispositi
345 3468 462 3533 milites
487 3470 594 3534 hostes
618 3476 735 3534 arcent.

219 3583 382 3646 Bructeris
395 3582 530 3646 insultat
541 3583 713 3667 imperator
724 3588 821 3667 ponte
830 3587 1060 3669 Agrippinensi
1073 3584 1172 3664 facto,
1186 3584 1296 3649 eodem

174 3698 273 3780 igitur
295 3697 508 3760 inveniuntur
530 3698 609 3779 loco,
634 3696 690 3761 ubi
712 3717 829 3762 nomen
854 3700 1120 3782 eorumpositum
1134 3699 1298 3763 habet'l'a-

173 3809 249 3874 bula
269 3809 527 3893 Peutingeriana,
539 3815 628 3874 trans
640 3809 789 3875 Rhenum
802 3813 836 3875 in
851 3812 996 3877 coloniae
1009 3813 1296 3896 Agrippinensium

174 3925 346 3986 vicinitate.
378 3921 439 3986 Sed
467 3925 562 3987 etiam
590 3923 744 4004 „Franci”
768 3945 787 3988 a
808 3927 1001 4008 panegyrico
1026 3927 1161 4010 septimo
1188 3925 1298 4010 despe-

175 4055 246 4100 rare
272 4037 424 4100 dicuutur
448 4041 557 4120 coepto
581 4043 694 4120 ponte;
719 4043 750 4102 et
774 4039 813 4102 de
836 4038 946 4103 eodem
971 4040 1026 4102 illo
1050 4045 1148 4124 ponte
1172 4041 1223 4103 hic
1247 4042 1300 4124 agi

173 4149 311 4215 efficitur
334 4152 365 4214 et
389 4168 430 4213 ex
453 4168 500 4232 eo,
524 4150 610 4234 quod
634 4170 797 4235 nusquam
817 4152 901 4216 alius
924 4158 1298 4237 commemoraturpons,

174 4268 267 4328 etex
287 4283 333 4345 eo,
358 4263 445 4347 quod
469 4283 549 4346 pons
573 4265 818 4348 Agrippinensis
843 4285 974 4350 quoque
1000 4268 1052 4347 ,in
1077 4267 1209 4330 exordio
1235 4269 1296 4350 sui,

172 4375 373 4459 inchoatus'',
398 4395 526 4440 movere
549 4377 704 4461 obsequia
727 4384 885 4443 narratur.
907 4381 950 4443 At
968 4398 1010 4442 ne
1023 4381 1208 4464 panegyrici
1223 4400 1297 4445 auc

172 4491 235 4554 tori
270 4491 400 4574 quidem
435 4492 632 4556 tumentem
657 4493 942 4576 reuirepotuisse,
966 4491 1107 4559 Francos
1131 4495 1296 4560 ininsula
