<?xml version="1.0" encoding="UTF-8"?>
<!DOCTYPE html PUBLIC "-//W3C//DTD XHTML 1.0 Transitional//EN"
    "http://www.w3.org/TR/xhtml1/DTD/xhtml1-transitional.dtd">
<html xmlns="http://www.w3.org/1999/xhtml" xml:lang="en" lang="en">
 <head>
  <title>
</title>
<meta http-equiv="Content-Type" content="text/html;charset=utf-8" />
  <meta name='ocr-system' content='tesseract 3.04.00' />
  <meta name='ocr-capabilities' content='ocr_page ocr_carea ocr_par ocr_line ocrx_word'/>
</head>
<body>
  <div class='ocr_page' id='page_1' title='image "./depopulisgerman00kromgoog_0109.png"; bbox 0 0 3244 5296; ppageno 0'>
   <div class='ocr_carea' id='block_1_1' title="bbox 855 564 896 628">
    <p class='ocr_par' dir='ltr' id='par_1_1' title="bbox 855 564 896 628">
     <span class='ocr_line' id='line_1_1' title="bbox 855 564 896 628; baseline 0 0"><span class='ocrx_word' id='word_1_1' title='bbox 855 564 896 628; x_wconf 86' lang='grc'><strong>90</strong></span> 
     </span>
    </p>
   </div>
   <div class='ocr_carea' id='block_1_2' title="bbox 257 747 1439 4130">
    <p class='ocr_par' dir='ltr' id='par_1_2' title="bbox 257 747 1438 2404">
     <span class='ocr_line' id='line_1_2' title="bbox 313 747 1437 836; baseline 0.004 -26"><span class='ocrx_word' id='word_1_2' title='bbox 313 748 446 812; x_wconf 90' lang='lat' dir='ltr'><strong>minime</strong></span> <span class='ocrx_word' id='word_1_3' title='bbox 479 747 682 814; x_wconf 87' lang='lat' dir='ltr'><strong>efficiendum</strong></span> <span class='ocrx_word' id='word_1_4' title='bbox 715 768 787 814; x_wconf 91' lang='lat' dir='ltr'><strong>esse</strong></span> <span class='ocrx_word' id='word_1_5' title='bbox 819 768 931 814; x_wconf 83' lang='lat' dir='ltr'><strong>revera</strong></span> <span class='ocrx_word' id='word_1_6' title='bbox 967 755 1045 814; x_wconf 92' lang='lat' dir='ltr'><strong>tunc</strong></span> <span class='ocrx_word' id='word_1_7' title='bbox 1068 749 1209 815; x_wconf 90' lang='lat' dir='ltr'><strong>Herulos</strong></span> <span class='ocrx_word' id='word_1_8' title='bbox 1231 750 1437 836; x_wconf 86' lang='lat' dir='ltr'><strong>Batavosque</strong></span> 
     </span>
     <span class='ocr_line' id='line_1_3' title="bbox 257 861 1437 947; baseline 0.004 -24"><span class='ocrx_word' id='word_1_9' title='bbox 257 938 259 944; x_wconf 28' lang='grc' dir='ltr'>Ι</span> <span class='ocrx_word' id='word_1_10' title='bbox 314 861 472 944; x_wconf 90' lang='lat' dir='ltr'><strong>stipendia</strong></span> <span class='ocrx_word' id='word_1_11' title='bbox 507 865 665 927; x_wconf 89' lang='lat' dir='ltr'><strong>meruisse</strong></span> <span class='ocrx_word' id='word_1_12' title='bbox 700 882 799 947; x_wconf 88' lang='lat' dir='ltr'><strong>supra</strong></span> <span class='ocrx_word' id='word_1_13' title='bbox 835 862 1038 927; x_wconf 81' lang='lat' dir='ltr'><strong>Monnsnnmr</strong></span> <span class='ocrx_word' id='word_1_14' title='bbox 1073 865 1174 928; x_wconf 91' lang='lat' dir='ltr'><strong>secuti</strong></span> <span class='ocrx_word' id='word_1_15' title='bbox 1205 866 1269 946; x_wconf 77' lang='lat' dir='ltr'><strong>Jam</strong></span> <span class='ocrx_word' id='word_1_16' title='bbox 1294 864 1437 928; x_wconf 86' lang='lat' dir='ltr'>diximus</span> 
     </span>
     <span class='ocr_line' id='line_1_4' title="bbox 314 975 1437 1061; baseline 0.004 -25"><span class='ocrx_word' id='word_1_17' title='bbox 314 992 421 1057; x_wconf 90' lang='lat' dir='ltr'><strong>neque</strong></span> <span class='ocrx_word' id='word_1_18' title='bbox 444 975 526 1038; x_wconf 90' lang='lat' dir='ltr'><strong>hanc</strong></span> <span class='ocrx_word' id='word_1_19' title='bbox 549 975 589 1040; x_wconf 93' lang='lat' dir='ltr'><strong>ob</strong></span> <span class='ocrx_word' id='word_1_20' title='bbox 613 996 742 1040; x_wconf 87' lang='lat' dir='ltr'><strong>causam</strong></span> <span class='ocrx_word' id='word_1_21' title='bbox 764 979 871 1041; x_wconf 90' lang='lat' dir='ltr'><strong>locum</strong></span> <span class='ocrx_word' id='word_1_22' title='bbox 892 978 1079 1058; x_wconf 88' lang='lat' dir='ltr'><strong>citavimus;</strong></span> <span class='ocrx_word' id='word_1_23' title='bbox 1093 978 1148 1042; x_wconf 92' lang='lat' dir='ltr'><strong>sed</strong></span> <span class='ocrx_word' id='word_1_24' title='bbox 1161 984 1359 1061; x_wconf 89' lang='lat' dir='ltr'><strong>eotempore,</strong></span> <span class='ocrx_word' id='word_1_25' title='bbox 1372 996 1437 1061; x_wconf 93' lang='lat' dir='ltr'><strong>quo</strong></span> 
     </span>
     <span class='ocr_line' id='line_1_5' title="bbox 314 1088 1437 1175; baseline 0.002 -24"><span class='ocrx_word' id='word_1_26' title='bbox 314 1088 428 1153; x_wconf 83' lang='lat' dir='ltr'><strong>cohors</strong></span> <span class='ocrx_word' id='word_1_27' title='bbox 459 1089 509 1154; x_wconf 91' lang='lat' dir='ltr'><strong>vel</strong></span> <span class='ocrx_word' id='word_1_28' title='bbox 543 1109 698 1155; x_wconf 92' lang='lat' dir='ltr'><strong>numerus</strong></span> <span class='ocrx_word' id='word_1_29' title='bbox 729 1111 833 1175; x_wconf 82' lang='lat' dir='ltr'><strong>nuper</strong></span> <span class='ocrx_word' id='word_1_30' title='bbox 855 1094 1051 1156; x_wconf 88' lang='lat' dir='ltr'><strong>constitutus</strong></span> <span class='ocrx_word' id='word_1_31' title='bbox 1074 1111 1159 1155; x_wconf 87' lang='lat' dir='ltr'><strong>novo</strong></span> <span class='ocrx_word' id='word_1_32' title='bbox 1183 1092 1313 1155; x_wconf 87' lang='lat' dir='ltr'><strong>nomine</strong></span> <span class='ocrx_word' id='word_1_33' title='bbox 1335 1092 1437 1154; x_wconf 93' lang='lat' dir='ltr'><strong>nomi·</strong></span> 
     </span>
     <span class='ocr_line' id='line_1_6' title="bbox 315 1205 1437 1289; baseline 0.004 -25"><span class='ocrx_word' id='word_1_34' title='bbox 315 1206 410 1266; x_wconf 90' lang='lat' dir='ltr'><strong>natus</strong></span> <span class='ocrx_word' id='word_1_35' title='bbox 441 1209 498 1285; x_wconf 89' lang='lat' dir='ltr'><strong>est,</strong></span> <span class='ocrx_word' id='word_1_36' title='bbox 529 1205 647 1269; x_wconf 83' lang='lat' dir='ltr'><strong>milites</strong></span> <span class='ocrx_word' id='word_1_37' title='bbox 670 1207 704 1269; x_wconf 91' lang='lat' dir='ltr'><strong>in</strong></span> <span class='ocrx_word' id='word_1_38' title='bbox 729 1206 859 1270; x_wconf 81' lang='lat' dir='ltr'>cohorte</span> <span class='ocrx_word' id='word_1_39' title='bbox 881 1207 932 1270; x_wconf 90' lang='lat' dir='ltr'><strong>vel</strong></span> <span class='ocrx_word' id='word_1_40' title='bbox 956 1225 1090 1270; x_wconf 89' lang='lat' dir='ltr'><strong>numero</strong></span> <span class='ocrx_word' id='word_1_41' title='bbox 1113 1206 1169 1268; x_wconf 91' lang='lat' dir='ltr'><strong>illo</strong></span> <span class='ocrx_word' id='word_1_42' title='bbox 1192 1205 1350 1289; x_wconf 86' lang='lat' dir='ltr'><strong>stipendis</strong></span> <span class='ocrx_word' id='word_1_43' title='bbox 1372 1224 1437 1269; x_wconf 88' lang='lat' dir='ltr'><strong>me-</strong></span> 
     </span>
     <span class='ocr_line' id='line_1_7' title="bbox 314 1316 1437 1403; baseline 0.002 -25"><span class='ocrx_word' id='word_1_44' title='bbox 314 1320 421 1380; x_wconf 90' lang='lat' dir='ltr'><strong>rentes</strong></span> <span class='ocrx_word' id='word_1_45' title='bbox 466 1335 484 1382; x_wconf 93' lang='lat' dir='ltr'><strong>e</strong></span> <span class='ocrx_word' id='word_1_46' title='bbox 518 1323 623 1402; x_wconf 88' lang='lat' dir='ltr'><strong>gente,</strong></span> <span class='ocrx_word' id='word_1_47' title='bbox 658 1339 766 1403; x_wconf 84' lang='lat' dir='ltr'><strong>aqua</strong></span> <span class='ocrx_word' id='word_1_48' title='bbox 790 1338 906 1384; x_wconf 92' lang='lat' dir='ltr'><strong>nomen</strong></span> <span class='ocrx_word' id='word_1_49' title='bbox 931 1321 1023 1403; x_wconf 84' lang='lat' dir='ltr'>cepit,</span> <span class='ocrx_word' id='word_1_50' title='bbox 1047 1320 1177 1383; x_wconf 91' lang='lat' dir='ltr'><strong>oriundi</strong></span> <span class='ocrx_word' id='word_1_51' title='bbox 1199 1326 1298 1383; x_wconf 89' lang='lat' dir='ltr'><strong>erant.</strong></span> <span class='ocrx_word' id='word_1_52' title='bbox 1322 1316 1437 1383; x_wconf 83' lang='lat' dir='ltr'><strong>Heruli</strong></span> 
     </span>
     <span class='ocr_line' id='line_1_8' title="bbox 314 1427 1438 1517; baseline 0.004 -27"><span class='ocrx_word' id='word_1_53' title='bbox 314 1427 493 1513; x_wconf 88' lang='lat' dir='ltr'><strong>Batavique</strong></span> <span class='ocrx_word' id='word_1_54' title='bbox 516 1437 623 1495; x_wconf 89' lang='lat' dir='ltr'><strong>autem</strong></span> <span class='ocrx_word' id='word_1_55' title='bbox 649 1451 714 1494; x_wconf 91' lang='lat' dir='ltr'><strong>nou</strong></span> <span class='ocrx_word' id='word_1_56' title='bbox 739 1431 843 1496; x_wconf 92' lang='lat' dir='ltr'><strong>solum</strong></span> <span class='ocrx_word' id='word_1_57' title='bbox 868 1433 1111 1517; x_wconf 88' lang='lat' dir='ltr'><strong>conjunguntur</strong></span> <span class='ocrx_word' id='word_1_58' title='bbox 1135 1432 1305 1496; x_wconf 91' lang='lat' dir='ltr'><strong>sedunum</strong></span> <span class='ocrx_word' id='word_1_59' title='bbox 1320 1430 1438 1494; x_wconf 89' lang='lat' dir='ltr'><strong>habent</strong></span> 
     </span>
     <span class='ocr_line' id='line_1_9' title="bbox 314 1541 1437 1629; baseline 0.004 -26"><span class='ocrx_word' id='word_1_60' title='bbox 314 1541 481 1624; x_wconf 87' lang='lat' dir='ltr'><strong>vexillum,</strong></span> <span class='ocrx_word' id='word_1_61' title='bbox 517 1549 552 1607; x_wconf 93' lang='lat' dir='ltr'><strong>ut</strong></span> <span class='ocrx_word' id='word_1_62' title='bbox 586 1564 604 1608; x_wconf 92' lang='lat' dir='ltr'><strong>e</strong></span> <span class='ocrx_word' id='word_1_63' title='bbox 638 1545 707 1608; x_wconf 91' lang='lat' dir='ltr'><strong>loco</strong></span> <span class='ocrx_word' id='word_1_64' title='bbox 741 1546 884 1610; x_wconf 79' lang='lat' dir='ltr'><strong>Anniam</strong></span> <span class='ocrx_word' id='word_1_65' title='bbox 898 1543 920 1623; x_wconf 80' lang='grc'><strong>1)</strong></span> <span class='ocrx_word' id='word_1_66' title='bbox 956 1546 1135 1610; x_wconf 81' lang='lat' dir='ltr'><strong>luculenter</strong></span> <span class='ocrx_word' id='word_1_67' title='bbox 1157 1551 1303 1629; x_wconf 88' lang='lat' dir='ltr'><strong>apparet;</strong></span> <span class='ocrx_word' id='word_1_68' title='bbox 1328 1545 1437 1627; x_wconf 88' lang='lat' dir='ltr'><strong>aliquo</strong></span> 
     </span>
     <span class='ocr_line' id='line_1_10' title="bbox 313 1655 1438 1742; baseline 0.006 -27"><span class='ocrx_word' id='word_1_69' title='bbox 313 1655 413 1736; x_wconf 86' lang='lat' dir='ltr'><strong>igitur</strong></span> <span class='ocrx_word' id='word_1_70' title='bbox 454 1661 597 1739; x_wconf 89' lang='lat' dir='ltr'><strong>tempore</strong></span> <span class='ocrx_word' id='word_1_71' title='bbox 636 1659 767 1723; x_wconf 85' lang='lat' dir='ltr'><strong>alteram</strong></span> <span class='ocrx_word' id='word_1_72' title='bbox 804 1659 938 1722; x_wconf 88' lang='lat' dir='ltr'><strong>alterius</strong></span> <span class='ocrx_word' id='word_1_73' title='bbox 972 1661 1006 1721; x_wconf 93' lang='lat' dir='ltr'><strong>in</strong></span> <span class='ocrx_word' id='word_1_74' title='bbox 1037 1659 1242 1742; x_wconf 79' lang='lat' dir='ltr'><strong>proximitate</strong></span> <span class='ocrx_word' id='word_1_75' title='bbox 1278 1657 1438 1722; x_wconf 81' lang='lat' dir='ltr'><strong>habitasse</strong></span> 
     </span>
     <span class='ocr_line' id='line_1_11' title="bbox 316 1765 1438 1856; baseline 0.003 -26"><span class='ocrx_word' id='word_1_76' title='bbox 316 1765 510 1832; x_wconf 90' lang='lat' dir='ltr'><strong>Herulorum</strong></span> <span class='ocrx_word' id='word_1_77' title='bbox 537 1769 799 1855; x_wconf 84' lang='lat' dir='ltr'><strong>Batavorumque</strong></span> <span class='ocrx_word' id='word_1_78' title='bbox 821 1781 943 1856; x_wconf 86' lang='lat' dir='ltr'><strong>gentes,</strong></span> <span class='ocrx_word' id='word_1_79' title='bbox 966 1792 1030 1836; x_wconf 94' lang='lat' dir='ltr'><strong>non</strong></span> <span class='ocrx_word' id='word_1_80' title='bbox 1055 1779 1174 1837; x_wconf 88' lang='lat' dir='ltr'><strong>temere</strong></span> <span class='ocrx_word' id='word_1_81' title='bbox 1197 1777 1359 1836; x_wconf 86' lang='lat' dir='ltr'><strong>asseveret</strong></span> <span class='ocrx_word' id='word_1_82' title='bbox 1380 1773 1438 1834; x_wconf 93' lang='lat' dir='ltr'><strong>ali·</strong></span> 
     </span>
     <span class='ocr_line' id='line_1_12' title="bbox 316 1882 1435 1969; baseline 0 -21"><span class='ocrx_word' id='word_1_83' title='bbox 316 1885 397 1969; x_wconf 88' lang='lat' dir='ltr'><strong>quis.</strong></span> <span class='ocrx_word' id='word_1_84' title='bbox 430 1882 561 1948; x_wconf 87' lang='lat' dir='ltr'><strong>Praeter</strong></span> <span class='ocrx_word' id='word_1_85' title='bbox 585 1885 644 1948; x_wconf 92' lang='lat' dir='ltr'><strong>hoc</strong></span> <span class='ocrx_word' id='word_1_86' title='bbox 668 1886 708 1949; x_wconf 90' lang='lat' dir='ltr'><strong>de</strong></span> <span class='ocrx_word' id='word_1_87' title='bbox 731 1885 927 1950; x_wconf 91' lang='lat' dir='ltr'><strong>Herulorum</strong></span> <span class='ocrx_word' id='word_1_88' title='bbox 954 1886 1084 1951; x_wconf 91' lang='lat' dir='ltr'><strong>sedibus</strong></span> <span class='ocrx_word' id='word_1_89' title='bbox 1104 1886 1184 1949; x_wconf 93' lang='lat' dir='ltr'><strong>nihil</strong></span> <span class='ocrx_word' id='word_1_90' title='bbox 1205 1887 1435 1969; x_wconf 78' lang='lat' dir='ltr'><strong>comperimus3</strong></span> 
     </span>
     <span class='ocr_line' id='line_1_13' title="bbox 314 1997 1438 2083; baseline 0.002 -23"><span class='ocrx_word' id='word_1_91' title='bbox 314 1997 450 2062; x_wconf 90' lang='lat' dir='ltr'><strong>fortasse</strong></span> <span class='ocrx_word' id='word_1_92' title='bbox 479 1998 578 2081; x_wconf 87' lang='lat' dir='ltr'><strong>igitur</strong></span> <span class='ocrx_word' id='word_1_93' title='bbox 602 2017 699 2083; x_wconf 89' lang='lat' dir='ltr'><strong>prope</strong></span> <span class='ocrx_word' id='word_1_94' title='bbox 722 2019 741 2061; x_wconf 87' lang='lat' dir='ltr'><strong>a</strong></span> <span class='ocrx_word' id='word_1_95' title='bbox 763 1997 875 2064; x_wconf 89' lang='lat' dir='ltr'><strong>Rheno</strong></span> <span class='ocrx_word' id='word_1_96' title='bbox 898 1998 1048 2064; x_wconf 83' lang='lat' dir='ltr'><strong>inferiore</strong></span> <span class='ocrx_word' id='word_1_97' title='bbox 1071 2000 1204 2064; x_wconf 88' lang='lat' dir='ltr'><strong>aberant</strong></span> <span class='ocrx_word' id='word_1_98' title='bbox 1227 1999 1336 2083; x_wconf 88' lang='lat' dir='ltr'><strong>aliquo</strong></span> <span class='ocrx_word' id='word_1_99' title='bbox 1359 2003 1438 2062; x_wconf 92' lang='lat' dir='ltr'><strong>tem·</strong></span> 
     </span>
     <span class='ocr_line' id='line_1_14' title="bbox 314 2111 1437 2198; baseline 0 -23"><span class='ocrx_word' id='word_1_100' title='bbox 314 2130 400 2195; x_wconf 92' lang='lat' dir='ltr'><strong>pore,</strong></span> <span class='ocrx_word' id='word_1_101' title='bbox 435 2112 530 2195; x_wconf 92' lang='lat' dir='ltr'><strong>quod,</strong></span> <span class='ocrx_word' id='word_1_102' title='bbox 565 2114 641 2195; x_wconf 88' lang='lat' dir='ltr'><strong>quia</strong></span> <span class='ocrx_word' id='word_1_103' title='bbox 674 2111 819 2177; x_wconf 84' lang='lat' dir='ltr'><strong>Gallieno</strong></span> <span class='ocrx_word' id='word_1_104' title='bbox 850 2115 1054 2196; x_wconf 89' lang='lat' dir='ltr'><strong>imperitante</strong></span> <span class='ocrx_word' id='word_1_105' title='bbox 1084 2115 1223 2198; x_wconf 91' lang='lat' dir='ltr'><strong>primum</strong></span> <span class='ocrx_word' id='word_1_106' title='bbox 1248 2130 1437 2176; x_wconf 93' lang='lat' dir='ltr'><strong>commemo·</strong></span> 
     </span>
     <span class='ocr_line' id='line_1_15' title="bbox 314 2226 1438 2311; baseline 0.001 -22"><span class='ocrx_word' id='word_1_107' title='bbox 314 2231 436 2307; x_wconf 87' lang='lat' dir='ltr'><strong>rantur,</strong></span> <span class='ocrx_word' id='word_1_108' title='bbox 471 2245 536 2290; x_wconf 93' lang='lat' dir='ltr'><strong>non</strong></span> <span class='ocrx_word' id='word_1_109' title='bbox 572 2231 697 2290; x_wconf 90' lang='lat' dir='ltr'><strong>tantum</strong></span> <span class='ocrx_word' id='word_1_110' title='bbox 734 2226 816 2290; x_wconf 87' lang='lat' dir='ltr'><strong>afuit</strong></span> <span class='ocrx_word' id='word_1_111' title='bbox 850 2226 889 2290; x_wconf 88' lang='lat' dir='ltr'><strong>ab</strong></span> <span class='ocrx_word' id='word_1_112' title='bbox 925 2228 991 2310; x_wconf 85' lang='lat' dir='ltr'><strong>hac,</strong></span> <span class='ocrx_word' id='word_1_113' title='bbox 1026 2227 1066 2291; x_wconf 95' lang='lat' dir='ltr'><strong>de</strong></span> <span class='ocrx_word' id='word_1_114' title='bbox 1102 2247 1166 2311; x_wconf 88' lang='lat' dir='ltr'><strong>qua</strong></span> <span class='ocrx_word' id='word_1_115' title='bbox 1189 2246 1277 2291; x_wconf 92' lang='lat' dir='ltr'><strong>nunc</strong></span> <span class='ocrx_word' id='word_1_116' title='bbox 1301 2227 1438 2310; x_wconf 84' lang='lat' dir='ltr'><strong>agimus,</strong></span> 
     </span>
     <span class='ocr_line' id='line_1_16' title="bbox 314 2344 426 2404; baseline 0 -2"><span class='ocrx_word' id='word_1_117' title='bbox 314 2344 426 2404; x_wconf 86' lang='lat' dir='ltr'><strong>aetate.</strong></span> 
     </span>
    </p>

    <p class='ocr_par' dir='ltr' id='par_1_3' title="bbox 265 2450 1439 3559">
     <span class='ocr_line' id='line_1_17' title="bbox 358 2450 1437 2538; baseline -0.001 -20"><span class='ocrx_word' id='word_1_118' title='bbox 358 2450 472 2518; x_wconf 81' lang='lat' dir='ltr'><strong>Eodem</strong></span> <span class='ocrx_word' id='word_1_119' title='bbox 503 2471 590 2516; x_wconf 91' lang='lat' dir='ltr'><strong>anno</strong></span> <span class='ocrx_word' id='word_1_120' title='bbox 620 2452 832 2517; x_wconf 78' lang='lat' dir='ltr'><strong>Tricensimae</strong></span> <span class='ocrx_word' id='word_1_121' title='bbox 853 2453 966 2538; x_wconf 87' lang='lat' dir='ltr'><strong>oppido</strong></span> <span class='ocrx_word' id='word_1_122' title='bbox 988 2453 1263 2538; x_wconf 76' lang='lat' dir='ltr'><strong>appropinquabat</strong></span> <span class='ocrx_word' id='word_1_123' title='bbox 1284 2454 1306 2517; x_wconf 88' lang='lat' dir='ltr'><strong>J</strong></span> <span class='ocrx_word' id='word_1_124' title='bbox 1308 2454 1437 2517; x_wconf 92' lang='lat' dir='ltr'><strong>ulianu</strong></span> 
     </span>
     <span class='ocr_line' id='line_1_18' title="bbox 315 2566 1438 2650; baseline 0.001 -21"><span class='ocrx_word' id='word_1_125' title='bbox 315 2572 393 2630; x_wconf 93' lang='lat' dir='ltr'><strong>tunc</strong></span> <span class='ocrx_word' id='word_1_126' title='bbox 416 2569 588 2650; x_wconf 86' lang='lat' dir='ltr'><strong>Augustus</strong></span> <span class='ocrx_word' id='word_1_127' title='bbox 612 2573 741 2631; x_wconf 86' lang='lat' dir='ltr'><strong>auctore</strong></span> <span class='ocrx_word' id='word_1_128' title='bbox 765 2569 915 2632; x_wconf 77' lang='lat' dir='ltr'><strong>Armrnno</strong></span> <span class='ocrx_word' id='word_1_129' title='bbox 929 2566 967 2648; x_wconf 82' lang='lat'><strong>²);</strong></span> <span class='ocrx_word' id='word_1_130' title='bbox 993 2567 1103 2632; x_wconf 80' lang='lat' dir='ltr'><strong>Rheno</strong></span> <span class='ocrx_word' id='word_1_131' title='bbox 1121 2569 1234 2632; x_wconf 73' lang='lat' dir='ltr'><strong>exinde</strong></span> <span class='ocrx_word' id='word_1_132' title='bbox 1252 2567 1438 2630; x_wconf 85' lang='lat' dir='ltr'><strong>transmisso</strong></span> 
     </span>
     <span class='ocr_line' id='line_1_19' title="bbox 314 2680 1438 2766; baseline 0.001 -24"><span class='ocrx_word' id='word_1_133' title='bbox 314 2680 467 2761; x_wconf 86' lang='lat' dir='ltr'><strong>repionem</strong></span> <span class='ocrx_word' id='word_1_134' title='bbox 501 2680 600 2745; x_wconf 86' lang='lat' dir='ltr'><strong>subito</strong></span> <span class='ocrx_word' id='word_1_135' title='bbox 626 2681 769 2764; x_wconf 83' lang='lat' dir='ltr'><strong>peruasit</strong></span> <span class='ocrx_word' id='word_1_136' title='bbox 795 2680 1006 2763; x_wconf 80' lang='lat' dir='ltr'><strong>Francorum,</strong></span> <span class='ocrx_word' id='word_1_137' title='bbox 1028 2701 1106 2766; x_wconf 80' lang='lat' dir='ltr'><strong>quos</strong></span> <span class='ocrx_word' id='word_1_138' title='bbox 1129 2681 1296 2745; x_wconf 82' lang='lat' dir='ltr'><strong>Attuarios</strong></span> <span class='ocrx_word' id='word_1_139' title='bbox 1317 2685 1438 2762; x_wconf 87' lang='lat' dir='ltr'><strong>nocant,</strong></span> 
     </span>
     <span class='ocr_line' id='line_1_20' title="bbox 316 2793 1436 2881; baseline 0.002 -25"><span class='ocrx_word' id='word_1_140' title='bbox 316 2793 524 2881; x_wconf 85' lang='lat' dir='ltr'><strong>inquietorum</strong></span> <span class='ocrx_word' id='word_1_141' title='bbox 553 2794 714 2858; x_wconf 85' lang='lat' dir='ltr'><strong>hominum</strong></span> <span class='ocrx_word' id='word_1_142' title='bbox 737 2793 881 2858; x_wconf 86' lang='lat' dir='ltr'><strong>licentius</strong></span> <span class='ocrx_word' id='word_1_143' title='bbox 904 2793 997 2858; x_wconf 88' lang='lat' dir='ltr'><strong>etiarn</strong></span> <span class='ocrx_word' id='word_1_144' title='bbox 1020 2799 1087 2857; x_wconf 83' lang='lat' dir='ltr'><strong>tum</strong></span> <span class='ocrx_word' id='word_1_145' title='bbox 1105 2795 1363 2878; x_wconf 77' lang='lat' dir='ltr'><strong>percursantium</strong></span> <span class='ocrx_word' id='word_1_146' title='bbox 1385 2815 1436 2858; x_wconf 82' lang='lat' dir='ltr'><strong>ea·</strong></span> 
     </span>
     <span class='ocr_line' id='line_1_21' title="bbox 314 2906 1438 2987; baseline 0.004 -18"><span class='ocrx_word' id='word_1_147' title='bbox 314 2908 392 2972; x_wconf 87' lang='lat' dir='ltr'><strong>timu</strong></span> <span class='ocrx_word' id='word_1_148' title='bbox 428 2907 615 2973; x_wconf 80' lang='lat' dir='ltr'><strong>Galliarum.</strong></span> <span class='ocrx_word' id='word_1_149' title='bbox 651 2906 734 2987; x_wconf 82' lang='lat' dir='ltr'><strong>Quos</strong></span> <span class='ocrx_word' id='word_1_150' title='bbox 763 2909 893 2972; x_wconf 85' lang='lat' dir='ltr'><strong>adortus</strong></span> <span class='ocrx_word' id='word_1_151' title='bbox 915 2908 1014 2973; x_wconf 87' lang='lat' dir='ltr'><strong>subito</strong></span> <span class='ocrx_word' id='word_1_152' title='bbox 1036 2907 1115 2972; x_wconf 83' lang='lat' dir='ltr'><strong>nibil</strong></span> <span class='ocrx_word' id='word_1_153' title='bbox 1137 2913 1306 2972; x_wconf 88' lang='lat' dir='ltr'><strong>metuentes</strong></span> <span class='ocrx_word' id='word_1_154' title='bbox 1329 2908 1438 2973; x_wconf 81' lang='lat' dir='ltr'><strong>hostile</strong></span> 
     </span>
     <span class='ocr_line' id='line_1_22' title="bbox 314 3020 1437 3108; baseline 0.001 -24"><span class='ocrx_word' id='word_1_155' title='bbox 314 3021 506 3108; x_wconf 85' lang='lat' dir='ltr'><strong>nimiumque</strong></span> <span class='ocrx_word' id='word_1_156' title='bbox 528 3040 658 3104; x_wconf 86' lang='lat' dir='ltr'><strong>securos,</strong></span> <span class='ocrx_word' id='word_1_157' title='bbox 681 3022 765 3107; x_wconf 84' lang='lat' dir='ltr'><strong>quod</strong></span> <span class='ocrx_word' id='word_1_158' title='bbox 785 3041 935 3105; x_wconf 84' lang='lat' dir='ltr'><strong>scruposa</strong></span> <span class='ocrx_word' id='word_1_159' title='bbox 957 3022 1082 3086; x_wconf 84' lang='lat' dir='ltr'><strong>uiarum</strong></span> <span class='ocrx_word' id='word_1_160' title='bbox 1103 3020 1293 3105; x_wconf 78' lang='lat' dir='ltr'><strong>difficultate</strong></span> <span class='ocrx_word' id='word_1_161' title='bbox 1314 3021 1437 3086; x_wconf 85' lang='lat' dir='ltr'><strong>nullum</strong></span> 
     </span>
     <span class='ocr_line' id='line_1_23' title="bbox 265 3134 1436 3220; baseline 0.001 -22"><span class='ocrx_word' id='word_1_162' title='bbox 265 3212 267 3218; x_wconf 20' lang='grc' dir='ltr'>Ι</span> <span class='ocrx_word' id='word_1_163' title='bbox 314 3135 358 3198; x_wconf 88' lang='lat' dir='ltr'><strong>ad</strong></span> <span class='ocrx_word' id='word_1_164' title='bbox 379 3153 452 3199; x_wconf 87' lang='lat' dir='ltr'><strong>suos</strong></span> <span class='ocrx_word' id='word_1_165' title='bbox 471 3154 570 3219; x_wconf 81' lang='lat' dir='ltr'><strong>pupos</strong></span> <span class='ocrx_word' id='word_1_166' title='bbox 594 3134 749 3199; x_wconf 84' lang='lat' dir='ltr'><strong>introiisse</strong></span> <span class='ocrx_word' id='word_1_167' title='bbox 772 3136 979 3200; x_wconf 86' lang='lat' dir='ltr'><strong>meminerant</strong></span> <span class='ocrx_word' id='word_1_168' title='bbox 998 3135 1181 3220; x_wconf 81' lang='lat' dir='ltr'><strong>principem,</strong></span> <span class='ocrx_word' id='word_1_169' title='bbox 1204 3137 1363 3219; x_wconf 87' lang='lat' dir='ltr'><strong>superauit</strong></span> <span class='ocrx_word' id='word_1_170' title='bbox 1381 3155 1436 3199; x_wconf 92' lang='lat' dir='ltr'><strong>ne-</strong></span> 
     </span>
     <span class='ocr_line' id='line_1_24' title="bbox 312 3248 1439 3334; baseline -0.001 -21"><span class='ocrx_word' id='word_1_171' title='bbox 312 3250 393 3331; x_wconf 83' lang='lat' dir='ltr'><strong>potio</strong></span> <span class='ocrx_word' id='word_1_172' title='bbox 427 3248 494 3330; x_wconf 85' lang='lat' dir='ltr'><strong>leui,</strong></span> <span class='ocrx_word' id='word_1_173' title='bbox 529 3250 689 3333; x_wconf 83' lang='lat' dir='ltr'><strong>captisque</strong></span> <span class='ocrx_word' id='word_1_174' title='bbox 717 3248 867 3332; x_wconf 85' lang='lat' dir='ltr'><strong>plurimis</strong></span> <span class='ocrx_word' id='word_1_175' title='bbox 901 3254 930 3312; x_wconf 88' lang='lat' dir='ltr'><strong>at</strong></span> <span class='ocrx_word' id='word_1_176' title='bbox 963 3249 1070 3312; x_wconf 88' lang='lat' dir='ltr'><strong>occisis</strong></span> <span class='ocrx_word' id='word_1_177' title='bbox 1100 3249 1264 3313; x_wconf 87' lang='lat' dir='ltr'><strong>orantibus</strong></span> <span class='ocrx_word' id='word_1_178' title='bbox 1286 3248 1360 3312; x_wconf 86' lang='lat' dir='ltr'><strong>aliis</strong></span> <span class='ocrx_word' id='word_1_179' title='bbox 1382 3250 1439 3334; x_wconf 83' lang='lat' dir='ltr'><strong>qui</strong></span> 
     </span>
     <span class='ocr_line' id='line_1_25' title="bbox 314 3361 1439 3447; baseline -0.002 -20"><span class='ocrx_word' id='word_1_180' title='bbox 314 3363 498 3447; x_wconf 74' lang='lat' dir='ltr'><strong>superfuere</strong></span> <span class='ocrx_word' id='word_1_181' title='bbox 518 3383 624 3442; x_wconf 88' lang='lat' dir='ltr'><strong>pacem</strong></span> <span class='ocrx_word' id='word_1_182' title='bbox 647 3383 686 3427; x_wconf 81' lang='lat' dir='ltr'><strong>ea</strong></span> <span class='ocrx_word' id='word_1_183' title='bbox 707 3363 837 3427; x_wconf 88' lang='lat' dir='ltr'><strong>arbitrio</strong></span> <span class='ocrx_word' id='word_1_184' title='bbox 860 3363 952 3442; x_wconf 87' lang='lat' dir='ltr'><strong>dedit,</strong></span> <span class='ocrx_word' id='word_1_185' title='bbox 974 3361 1027 3427; x_wconf 89' lang='lat' dir='ltr'><strong>hoe</strong></span> <span class='ocrx_word' id='word_1_186' title='bbox 1049 3362 1194 3442; x_wconf 79' lang='lat' dir='ltr'><strong>prodesse</strong></span> <span class='ocrx_word' id='word_1_187' title='bbox 1210 3361 1439 3441; x_wconf 82' lang='lat' dir='ltr'><strong>possessoribus</strong></span> 
     </span>
     <span class='ocr_line' id='line_1_26' title="bbox 315 3475 665 3559; baseline -0.006 -19"><span class='ocrx_word' id='word_1_188' title='bbox 315 3475 462 3559; x_wconf 78' lang='lat' dir='ltr'><strong>finitimis</strong></span> <span class='ocrx_word' id='word_1_189' title='bbox 483 3476 665 3540; x_wconf 85' lang='lat' dir='ltr'><strong>arbitratus.</strong></span> 
     </span>
    </p>

    <p class='ocr_par' dir='ltr' id='par_1_4' title="bbox 314 3563 1439 4130">
     <span class='ocr_line' id='line_1_27' title="bbox 359 3563 1438 3674; baseline 0.003 -21"><span class='ocrx_word' id='word_1_190' title='bbox 359 3563 459 3654; x_wconf 81' lang='lat' dir='ltr'><strong>Trans</strong></span> <span class='ocrx_word' id='word_1_191' title='bbox 494 3589 644 3654; x_wconf 86' lang='lat' dir='ltr'><strong>Rhenum</strong></span> <span class='ocrx_word' id='word_1_192' title='bbox 676 3592 769 3654; x_wconf 89' lang='lat' dir='ltr'><strong>etiam</strong></span> <span class='ocrx_word' id='word_1_193' title='bbox 806 3596 884 3654; x_wconf 92' lang='lat' dir='ltr'><strong>tunc</strong></span> <span class='ocrx_word' id='word_1_194' title='bbox 919 3590 1106 3654; x_wconf 90' lang='lat' dir='ltr'><strong>habitabant</strong></span> <span class='ocrx_word' id='word_1_195' title='bbox 1130 3590 1315 3671; x_wconf 81' lang='lat' dir='ltr'><strong>Chattuarii,</strong></span> <span class='ocrx_word' id='word_1_196' title='bbox 1339 3591 1438 3674; x_wconf 90' lang='lat' dir='ltr'><strong>idque</strong></span> 
     </span>
     <span class='ocr_line' id='line_1_28' title="bbox 315 3702 1437 3788; baseline -0.001 -19"><span class='ocrx_word' id='word_1_197' title='bbox 315 3705 399 3769; x_wconf 90' lang='lat' dir='ltr'><strong>infra</strong></span> <span class='ocrx_word' id='word_1_198' title='bbox 421 3703 603 3786; x_wconf 90' lang='lat' dir='ltr'><strong>Bructeros,</strong></span> <span class='ocrx_word' id='word_1_199' title='bbox 626 3705 712 3788; x_wconf 91' lang='lat' dir='ltr'><strong>quod</strong></span> <span class='ocrx_word' id='word_1_200' title='bbox 732 3706 925 3769; x_wconf 88' lang='lat' dir='ltr'><strong>ementione</strong></span> <span class='ocrx_word' id='word_1_201' title='bbox 935 3703 1151 3768; x_wconf 79' lang='lat' dir='ltr'><strong>Tricensimae</strong></span> <span class='ocrx_word' id='word_1_202' title='bbox 1164 3703 1247 3767; x_wconf 81' lang='lat' dir='ltr'><strong>inira</strong></span> <span class='ocrx_word' id='word_1_203' title='bbox 1258 3702 1437 3768; x_wconf 87' lang='lat' dir='ltr'><strong>Novesium</strong></span> 
     </span>
     <span class='ocr_line' id='line_1_29' title="bbox 316 3817 1439 3903; baseline -0.002 -18"><span class='ocrx_word' id='word_1_204' title='bbox 316 3822 404 3899; x_wconf 88' lang='lat' dir='ltr'><strong>sitae,</strong></span> <span class='ocrx_word' id='word_1_205' title='bbox 428 3825 463 3882; x_wconf 92' lang='lat' dir='ltr'><strong>ut</strong></span> <span class='ocrx_word' id='word_1_206' title='bbox 486 3838 527 3883; x_wconf 81' lang='lat' dir='ltr'><strong>ex</strong></span> <span class='ocrx_word' id='word_1_207' title='bbox 550 3821 620 3902; x_wconf 89' lang='lat' dir='ltr'><strong>ipso</strong></span> <span class='ocrx_word' id='word_1_208' title='bbox 645 3838 776 3903; x_wconf 89' lang='lat' dir='ltr'><strong>quoque</strong></span> <span class='ocrx_word' id='word_1_209' title='bbox 800 3820 950 3882; x_wconf 75' lang='lat' dir='ltr'><strong>Ammine</strong></span> <span class='ocrx_word' id='word_1_210' title='bbox 966 3821 987 3898; x_wconf 85' lang='lat'><strong>⁸)</strong></span> <span class='ocrx_word' id='word_1_211' title='bbox 1011 3819 1172 3898; x_wconf 84' lang='lat' dir='ltr'><strong>novimus,</strong></span> <span class='ocrx_word' id='word_1_212' title='bbox 1192 3822 1330 3902; x_wconf 88' lang='lat' dir='ltr'><strong>apparet.</strong></span> <span class='ocrx_word' id='word_1_213' title='bbox 1343 3817 1439 3884; x_wconf 89' lang='lat' dir='ltr'><strong>Unde</strong></span> 
     </span>
     <span class='ocr_line' id='line_1_30' title="bbox 316 3931 1438 4016; baseline -0.001 -19"><span class='ocrx_word' id='word_1_214' title='bbox 316 3935 409 3998; x_wconf 89' lang='lat' dir='ltr'><strong>etiem</strong></span> <span class='ocrx_word' id='word_1_215' title='bbox 434 3931 516 3996; x_wconf 83' lang='lat' dir='ltr'><strong>effici</strong></span> <span class='ocrx_word' id='word_1_216' title='bbox 540 3938 644 4016; x_wconf 90' lang='lat' dir='ltr'><strong>potest</strong></span> <span class='ocrx_word' id='word_1_217' title='bbox 666 3933 762 4016; x_wconf 89' lang='lat' dir='ltr'><strong>paulo</strong></span> <span class='ocrx_word' id='word_1_218' title='bbox 782 3933 848 4014; x_wconf 89' lang='lat' dir='ltr'><strong>jam</strong></span> <span class='ocrx_word' id='word_1_219' title='bbox 876 3931 1037 3995; x_wconf 90' lang='lat' dir='ltr'><strong>meridiem</strong></span> <span class='ocrx_word' id='word_1_220' title='bbox 1064 3950 1178 3995; x_wconf 88' lang='lat' dir='ltr'><strong>versus</strong></span> <span class='ocrx_word' id='word_1_221' title='bbox 1199 3933 1354 4015; x_wconf 83' lang='lat' dir='ltr'><strong>migrasse</strong></span> <span class='ocrx_word' id='word_1_222' title='bbox 1373 3951 1438 4013; x_wconf 90' lang='lat' dir='ltr'><strong>eos,</strong></span> 
     </span>
     <span class='ocr_line' id='line_1_31' title="bbox 314 4044 1437 4130; baseline 0 -21"><span class='ocrx_word' id='word_1_223' title='bbox 314 4048 347 4110; x_wconf 95' lang='lat' dir='ltr'><strong>id</strong></span> <span class='ocrx_word' id='word_1_224' title='bbox 372 4047 458 4130; x_wconf 91' lang='lat' dir='ltr'><strong>quod</strong></span> <span class='ocrx_word' id='word_1_225' title='bbox 483 4045 707 4109; x_wconf 89' lang='lat' dir='ltr'><strong>corroboratur</strong></span> <span class='ocrx_word' id='word_1_226' title='bbox 730 4064 883 4129; x_wconf 87' lang='lat' dir='ltr'><strong>scruposa</strong></span> <span class='ocrx_word' id='word_1_227' title='bbox 907 4046 962 4108; x_wconf 86' lang='lat' dir='ltr'><strong>illa</strong></span> <span class='ocrx_word' id='word_1_228' title='bbox 986 4047 1110 4108; x_wconf 90' lang='lat' dir='ltr'><strong>viarum</strong></span> <span class='ocrx_word' id='word_1_229' title='bbox 1136 4044 1339 4124; x_wconf 82' lang='lat' dir='ltr'><strong>difficultate3</strong></span> <span class='ocrx_word' id='word_1_230' title='bbox 1363 4066 1437 4110; x_wconf 88' lang='lat' dir='ltr'><strong>nam</strong></span> 
     </span>
    </p>
   </div>
   <div class='ocr_carea' id='block_1_3' title="bbox 317 4227 460 4235">
    <p class='ocr_par' dir='ltr' id='par_1_5' title="bbox 317 4227 460 4235">
     <span class='ocr_line' id='line_1_32' title="bbox 317 4227 460 4235; baseline -0.007 0"><span class='ocrx_word' id='word_1_231' title='bbox 317 4227 460 4235; x_wconf 84' lang='lat'><strong>——</strong></span> 
     </span>
    </p>
   </div>
   <div class='ocr_carea' id='block_1_4' title="bbox 349 4330 596 4580">
    <p class='ocr_par' dir='ltr' id='par_1_6' title="bbox 349 4330 596 4580">
     <span class='ocr_line' id='line_1_33' title="bbox 349 4330 582 4396; baseline 0 -16"><span class='ocrx_word' id='word_1_232' title='bbox 349 4330 377 4396; x_wconf 86' lang='lat'><strong>1)</strong></span> <span class='ocrx_word' id='word_1_233' title='bbox 394 4331 499 4393; x_wconf 78' lang='lat' dir='ltr'><strong>xxvii,</strong></span> <span class='ocrx_word' id='word_1_234' title='bbox 516 4330 540 4394; x_wconf 87' lang='lat'><strong>1,</strong></span> <span class='ocrx_word' id='word_1_235' title='bbox 558 4331 582 4380; x_wconf 88' lang='lat'><strong>5.</strong></span> 
     </span>
     <span class='ocr_line' id='line_1_34' title="bbox 350 4421 596 4488; baseline 0.004 -16"><span class='ocrx_word' id='word_1_236' title='bbox 350 4423 378 4488; x_wconf 81' lang='lat' dir='ltr'><strong>r)</strong></span> <span class='ocrx_word' id='word_1_237' title='bbox 396 4423 454 4485; x_wconf 84' lang='lat' dir='ltr'><strong>xx,</strong></span> <span class='ocrx_word' id='word_1_238' title='bbox 472 4421 513 4488; x_wconf 83' lang='lat' dir='ltr'><strong>ro,</strong></span> <span class='ocrx_word' id='word_1_239' title='bbox 530 4424 556 4486; x_wconf 83' lang='lat' dir='ltr'><strong>r,</strong></span> <span class='ocrx_word' id='word_1_240' title='bbox 571 4423 596 4473; x_wconf 83' lang='lat' dir='ltr'><strong>r.</strong></span> 
     </span>
     <span class='ocr_line' id='line_1_35' title="bbox 349 4513 569 4580; baseline 0.009 -16"><span class='ocrx_word' id='word_1_241' title='bbox 349 4513 378 4580; x_wconf 85' lang='lat'><strong>3)</strong></span> <span class='ocrx_word' id='word_1_242' title='bbox 395 4514 488 4578; x_wconf 82' lang='lat' dir='ltr'><strong>xviri,</strong></span> <span class='ocrx_word' id='word_1_243' title='bbox 504 4513 528 4577; x_wconf 82' lang='lat' dir='ltr'><strong>a,</strong></span> <span class='ocrx_word' id='word_1_244' title='bbox 545 4514 569 4567; x_wconf 76' lang='lat' dir='ltr'><strong>a.</strong></span> 
     </span>
    </p>
   </div>
   <div class='ocr_carea' id='block_1_5' title="bbox 1587 4529 1604 5254">
    <p class='ocr_par' dir='ltr' id='par_1_7' title="bbox 1587 4529 1604 5254">
     <span class='ocr_line' id='line_1_36' title="bbox 1596 4529 1604 4856; baseline 0 0"><span class='ocrx_word' id='word_1_245' title='bbox 1596 4529 1604 4856; x_wconf 87' lang='lat' dir='ltr'><strong>l</strong></span> 
     </span>
     <span class='ocr_line' id='line_1_37' title="bbox 1587 4859 1603 5254; baseline 0 0"><span class='ocrx_word' id='word_1_246' title='bbox 1587 4859 1603 5254; x_wconf 81' lang='grc' dir='ltr'>Ι</span> 
     </span>
    </p>
   </div>
   <div class='ocr_carea' id='block_1_6' title="bbox 0 0 1626 5296">
    <p class='ocr_par' dir='ltr' id='par_1_8' title="bbox 0 0 1626 5296">
     <span class='ocr_line' id='line_1_38' title="bbox 0 0 1626 5296; baseline 0 0"><span class='ocrx_word' id='word_1_247' title='bbox 0 0 1626 5296; x_wconf 95' lang='lat' dir='ltr'><strong> </strong></span> 
     </span>
    </p>
   </div>
  </div>
 </body>
</html>
