<?xml version="1.0" encoding="UTF-8"?>
<!DOCTYPE html PUBLIC "-//W3C//DTD XHTML 1.0 Transitional//EN"
    "http://www.w3.org/TR/xhtml1/DTD/xhtml1-transitional.dtd">
<html xmlns="http://www.w3.org/1999/xhtml" xml:lang="en" lang="en">
 <head>
  <title>
</title>
<meta http-equiv="Content-Type" content="text/html;charset=utf-8" />
  <meta name='ocr-system' content='tesseract 3.04.00' />
  <meta name='ocr-capabilities' content='ocr_page ocr_carea ocr_par ocr_line ocrx_word'/>
</head>
<body>
  <div class='ocr_page' id='page_1' title='image "./depopulisgerman00kromgoog_0076.png"; bbox 0 0 3218 5280; ppageno 0'>
   <div class='ocr_carea' id='block_1_1' title="bbox 719 551 759 617">
    <p class='ocr_par' dir='ltr' id='par_1_1' title="bbox 719 551 759 617">
     <span class='ocr_line' id='line_1_1' title="bbox 719 551 759 617; baseline -0.025 0"><span class='ocrx_word' id='word_1_1' title='bbox 719 551 759 617; x_wconf 78' lang='grc'><strong><em>57</em></strong></span> 
     </span>
    </p>
   </div>
   <div class='ocr_carea' id='block_1_2' title="bbox 96 739 1300 4354">
    <p class='ocr_par' dir='ltr' id='par_1_2' title="bbox 173 739 1300 2538">
     <span class='ocr_line' id='line_1_2' title="bbox 173 739 1299 827; baseline -0.002 -21"><span class='ocrx_word' id='word_1_2' title='bbox 173 743 231 808; x_wconf 85' lang='lat' dir='ltr'><strong><em>sub</em></strong></span> <span class='ocrx_word' id='word_1_3' title='bbox 266 743 365 809; x_wconf 87' lang='lat' dir='ltr'><strong><em>armis</em></strong></span> <span class='ocrx_word' id='word_1_4' title='bbox 401 744 464 808; x_wconf 88' lang='lat' dir='ltr'><strong><em>tuis</em></strong></span> <span class='ocrx_word' id='word_1_5' title='bbox 497 743 545 807; x_wconf 90' lang='lat' dir='ltr'><strong><em>ita</em></strong></span> <span class='ocrx_word' id='word_1_6' title='bbox 580 741 788 826; x_wconf 83' lang='lat' dir='ltr'><strong><em>conciderunt,</em></strong></span> <span class='ocrx_word' id='word_1_7' title='bbox 820 748 855 806; x_wconf 93' lang='lat' dir='ltr'><strong><em>ut</em></strong></span> <span class='ocrx_word' id='word_1_8' title='bbox 877 740 972 806; x_wconf 81' lang='lat' dir='ltr'><strong><em>eleleri</em></strong></span> <span class='ocrx_word' id='word_1_9' title='bbox 994 739 1143 827; x_wconf 69' lang='lat' dir='ltr'><strong><em>funditus</em></strong></span> <span class='ocrx_word' id='word_1_10' title='bbox 1164 743 1299 823; x_wconf 81' lang='lat' dir='ltr'><strong><em>possent,</em></strong></span> 
     </span>
     <span class='ocr_line' id='line_1_3' title="bbox 174 855 1298 942; baseline -0.004 -20"><span class='ocrx_word' id='word_1_11' title='bbox 174 859 237 922; x_wconf 87' lang='lat' dir='ltr'><strong><em>uisi</em></strong></span> <span class='ocrx_word' id='word_1_12' title='bbox 270 858 375 922; x_wconf 84' lang='lat' dir='ltr'><strong><em>olicino</em></strong></span> <span class='ocrx_word' id='word_1_13' title='bbox 408 859 569 937; x_wconf 83' lang='lat' dir='ltr'><strong><em>instinctu,</em></strong></span> <span class='ocrx_word' id='word_1_14' title='bbox 603 877 663 942; x_wconf 86' lang='lat' dir='ltr'><strong><em>quo</em></strong></span> <span class='ocrx_word' id='word_1_15' title='bbox 697 858 780 938; x_wconf 79' lang='lat' dir='ltr'><strong><em>repis</em></strong></span> <span class='ocrx_word' id='word_1_16' title='bbox 810 857 925 938; x_wconf 84' lang='lat' dir='ltr'><strong><em>omnia,</em></strong></span> <span class='ocrx_word' id='word_1_17' title='bbox 957 876 1034 940; x_wconf 84' lang='lat' dir='ltr'><strong><em>quos</em></strong></span> <span class='ocrx_word' id='word_1_18' title='bbox 1057 855 1123 938; x_wconf 85' lang='lat' dir='ltr'><strong><em>ipse</em></strong></span> <span class='ocrx_word' id='word_1_19' title='bbox 1146 856 1298 938; x_wconf 78' lang='lat' dir='ltr'><strong><em>affeceros</em></strong></span> 
     </span>
     <span class='ocr_line' id='line_1_4' title="bbox 174 968 1298 1057; baseline -0.004 -21"><span class='ocrx_word' id='word_1_20' title='bbox 174 972 378 1053; x_wconf 69' lang='lat' dir='ltr'><strong><em>conficiendos</em></strong></span> <span class='ocrx_word' id='word_1_21' title='bbox 409 970 475 1052; x_wconf 66' lang='lat' dir='ltr'><strong><em>filio</em></strong></span> <span class='ocrx_word' id='word_1_22' title='bbox 502 991 698 1036; x_wconf 85' lang='lat' dir='ltr'><strong><em>reservasses.</em></strong></span> <span class='ocrx_word' id='word_1_23' title='bbox 724 969 922 1057; x_wconf 79' lang='lat' dir='ltr'><strong><em>Quamquam</em></strong></span> <span class='ocrx_word' id='word_1_24' title='bbox 944 968 1142 1052; x_wconf 69' lang='lat' dir='ltr'><strong><em>aululariam</em></strong></span> <span class='ocrx_word' id='word_1_25' title='bbox 1165 975 1298 1033; x_wconf 89' lang='lat' dir='ltr'><strong><em>oestrum</em></strong></span> 
     </span>
     <span class='ocr_line' id='line_1_5' title="bbox 174 1085 1296 1171; baseline -0.004 -21"><span class='ocrx_word' id='word_1_26' title='bbox 174 1087 313 1171; x_wconf 81' lang='lat' dir='ltr'><strong><em>fecunda</em></strong></span> <span class='ocrx_word' id='word_1_27' title='bbox 336 1086 427 1150; x_wconf 89' lang='lat' dir='ltr'><strong><em>malis</em></strong></span> <span class='ocrx_word' id='word_1_28' title='bbox 448 1087 514 1149; x_wconf 83' lang='lat' dir='ltr'><strong><em>suis</em></strong></span> <span class='ocrx_word' id='word_1_29' title='bbox 532 1086 806 1168; x_wconf 87' lang='lat' dir='ltr'><strong><em>uatioitaraptim</em></strong></span> <span class='ocrx_word' id='word_1_30' title='bbox 818 1085 1144 1168; x_wconf 80' lang='lat' dir='ltr'><strong><em>oelolevitrolusteque</em></strong></span> <span class='ocrx_word' id='word_1_31' title='bbox 1156 1087 1296 1146; x_wconf 85' lang='lat' dir='ltr'><strong><em>recreata</em></strong></span> 
     </span>
     <span class='ocr_line' id='line_1_6' title="bbox 174 1196 1300 1284; baseline -0.005 -19"><span class='ocrx_word' id='word_1_32' title='bbox 174 1207 228 1283; x_wconf 88' lang='lat' dir='ltr'><strong><em>est,</em></strong></span> <span class='ocrx_word' id='word_1_33' title='bbox 263 1206 298 1264; x_wconf 91' lang='lat' dir='ltr'><strong><em>ut</em></strong></span> <span class='ocrx_word' id='word_1_34' title='bbox 332 1200 503 1284; x_wconf 84' lang='lat' dir='ltr'><strong><em>fortissimo</em></strong></span> <span class='ocrx_word' id='word_1_35' title='bbox 534 1198 664 1263; x_wconf 77' lang='lat' dir='ltr'><em>Caesari</em></span> <span class='ocrx_word' id='word_1_36' title='bbox 691 1200 852 1282; x_wconf 80' lang='lat' dir='ltr'><strong><em>primitias</em></strong></span> <span class='ocrx_word' id='word_1_37' title='bbox 874 1199 1007 1280; x_wconf 79' lang='lat' dir='ltr'><strong><em>imperitis</em></strong></span> <span class='ocrx_word' id='word_1_38' title='bbox 1030 1198 1177 1262; x_wconf 87' lang='lat' dir='ltr'><strong><em>uictoriae</em></strong></span> <span class='ocrx_word' id='word_1_39' title='bbox 1200 1196 1300 1278; x_wconf 86' lang='lat' dir='ltr'><strong><em>claret,</em></strong></span> 
     </span>
     <span class='ocr_line' id='line_1_7' title="bbox 173 1311 1297 1396; baseline -0.003 -19"><span class='ocrx_word' id='word_1_40' title='bbox 173 1334 243 1378; x_wconf 91' lang='lat' dir='ltr'><strong><em>cum</em></strong></span> <span class='ocrx_word' id='word_1_41' title='bbox 266 1315 413 1378; x_wconf 86' lang='lat' dir='ltr'><strong><em>memoria</em></strong></span> <span class='ocrx_word' id='word_1_42' title='bbox 436 1321 579 1396; x_wconf 76' lang='lat' dir='ltr'><strong><em>acceptae</em></strong></span> <span class='ocrx_word' id='word_1_43' title='bbox 601 1313 699 1377; x_wconf 83' lang='lat' dir='ltr'><strong><em>cladis</em></strong></span> <span class='ocrx_word' id='word_1_44' title='bbox 722 1333 787 1377; x_wconf 87' lang='lat' dir='ltr'><strong><em>uon</em></strong></span> <span class='ocrx_word' id='word_1_45' title='bbox 810 1313 957 1394; x_wconf 80' lang='lat' dir='ltr'><strong><em>infracta</em></strong></span> <span class='ocrx_word' id='word_1_46' title='bbox 976 1311 1030 1376; x_wconf 86' lang='lat' dir='ltr'><strong><em>secl</em></strong></span> <span class='ocrx_word' id='word_1_47' title='bbox 1049 1332 1161 1395; x_wconf 89' lang='lat' dir='ltr'><strong><em>aspera</em></strong></span> <span class='ocrx_word' id='word_1_48' title='bbox 1173 1330 1297 1395; x_wconf 82' lang='lat' dir='ltr'><strong><em>papau-</em></strong></span> 
     </span>
     <span class='ocr_line' id='line_1_8' title="bbox 174 1417 1300 1511; baseline -0.004 -21"><span class='ocrx_word' id='word_1_49' title='bbox 174 1433 223 1490; x_wconf 90' lang='lat' dir='ltr'><strong><em>ret</em></strong></span> <span class='ocrx_word' id='word_1_50' title='bbox 339 1426 420 1506; x_wconf 77' lang='lat' dir='ltr'><strong><em>Quia</em></strong></span> <span class='ocrx_word' id='word_1_51' title='bbox 450 1447 611 1491; x_wconf 80' lang='lat' dir='ltr'><strong><em>memorem</em></strong></span> <span class='ocrx_word' id='word_1_52' title='bbox 639 1427 834 1490; x_wconf 77' lang='lat' dir='ltr'><strong><em>Bructeros?</em></strong></span> <span class='ocrx_word' id='word_1_53' title='bbox 860 1427 937 1511; x_wconf 79' lang='lat' dir='ltr'><strong><em>quid</em></strong></span> <span class='ocrx_word' id='word_1_54' title='bbox 961 1417 1197 1508; x_wconf 79' lang='lat' dir='ltr'><strong><em>Olomovos¹)?</em></strong></span> <span class='ocrx_word' id='word_1_55' title='bbox 1221 1424 1300 1509; x_wconf 83' lang='lat' dir='ltr'><strong><em>quial</em></strong></span> 
     </span>
     <span class='ocr_line' id='line_1_9' title="bbox 177 1539 1300 1624; baseline -0.004 -19"><span class='ocrx_word' id='word_1_56' title='bbox 177 1539 355 1623; x_wconf 76' lang='lat' dir='ltr'><strong><em>Cheruscos,</em></strong></span> <span class='ocrx_word' id='word_1_57' title='bbox 391 1541 583 1624; x_wconf 76' lang='lat' dir='ltr'><strong><em>Vaupiorros,</em></strong></span> <span class='ocrx_word' id='word_1_58' title='bbox 614 1541 817 1622; x_wconf 84' lang='lat' dir='ltr'><strong><em>Alamannos,</em></strong></span> <span class='ocrx_word' id='word_1_59' title='bbox 842 1539 1028 1604; x_wconf 77' lang='lat' dir='ltr'><strong><em>Tubantes?</em></strong></span> <span class='ocrx_word' id='word_1_60' title='bbox 1139 1539 1173 1602; x_wconf 85' lang='lat' dir='ltr'><strong><em>li</em></strong></span> <span class='ocrx_word' id='word_1_61' title='bbox 1195 1558 1300 1603; x_wconf 87' lang='lat' dir='ltr'><strong><em>oruues</em></strong></span> 
     </span>
     <span class='ocr_line' id='line_1_10' title="bbox 174 1653 1298 1740; baseline -0.002 -22"><span class='ocrx_word' id='word_1_62' title='bbox 174 1654 371 1740; x_wconf 76' lang='lat' dir='ltr'><strong><em>siupillatim,</em></strong></span> <span class='ocrx_word' id='word_1_63' title='bbox 393 1655 466 1718; x_wconf 79' lang='lat' dir='ltr'><strong><em>‹leiu</em></strong></span> <span class='ocrx_word' id='word_1_64' title='bbox 489 1656 612 1738; x_wconf 89' lang='lat' dir='ltr'><strong><em>pariter</em></strong></span> <span class='ocrx_word' id='word_1_65' title='bbox 634 1656 752 1719; x_wconf 90' lang='lat' dir='ltr'><strong><em>armati</em></strong></span> <span class='ocrx_word' id='word_1_66' title='bbox 773 1655 1006 1738; x_wconf 83' lang='lat' dir='ltr'><strong><em>conspiratione</em></strong></span> <span class='ocrx_word' id='word_1_67' title='bbox 1017 1653 1196 1738; x_wconf 74' lang='lat' dir='ltr'><strong><em>foederatae</em></strong></span> <span class='ocrx_word' id='word_1_68' title='bbox 1208 1653 1298 1717; x_wconf 85' lang='lat' dir='ltr'><strong><em>socle-</em></strong></span> 
     </span>
     <span class='ocr_line' id='line_1_11' title="bbox 175 1767 1298 1851; baseline -0.001 -21"><span class='ocrx_word' id='word_1_69' title='bbox 175 1768 250 1831; x_wconf 88' lang='lat' dir='ltr'><strong><em>tatis</em></strong></span> <span class='ocrx_word' id='word_1_70' title='bbox 272 1773 465 1832; x_wconf 78' lang='lat' dir='ltr'><strong><em>exarserant.</em></strong></span> <span class='ocrx_word' id='word_1_71' title='bbox 486 1768 536 1831; x_wconf 80' lang='lat' dir='ltr'><strong><em>Tu</em></strong></span> <span class='ocrx_word' id='word_1_72' title='bbox 557 1773 670 1848; x_wconf 86' lang='lat' dir='ltr'><strong><em>tomen,</em></strong></span> <span class='ocrx_word' id='word_1_73' title='bbox 692 1769 870 1851; x_wconf 89' lang='lat' dir='ltr'><strong><em>imperator,</em></strong></span> <span class='ocrx_word' id='word_1_74' title='bbox 883 1768 929 1833; x_wconf 89' lang='lat' dir='ltr'><strong><em>m&#39;l</em></strong></span> <span class='ocrx_word' id='word_1_75' title='bbox 941 1767 1039 1850; x_wconf 79' lang='lat' dir='ltr'><strong><em>mapis</em></strong></span> <span class='ocrx_word' id='word_1_76' title='bbox 1052 1767 1298 1851; x_wconf 82' lang='lat' dir='ltr'><strong><em>timuisti,quam</em></strong></span> 
     </span>
     <span class='ocr_line' id='line_1_12' title="bbox 174 1881 1299 1968; baseline -0.002 -22"><span class='ocrx_word' id='word_1_77' title='bbox 174 1904 213 1947; x_wconf 85' lang='lat' dir='ltr'><strong><em>me</em></strong></span> <span class='ocrx_word' id='word_1_78' title='bbox 247 1885 407 1948; x_wconf 88' lang='lat' dir='ltr'><strong><em>timereris.</em></strong></span> <span class='ocrx_word' id='word_1_79' title='bbox 442 1884 523 1947; x_wconf 84' lang='lat' dir='ltr'><strong><em>Actis</em></strong></span> <span class='ocrx_word' id='word_1_80' title='bbox 557 1884 705 1948; x_wconf 84' lang='lat' dir='ltr'><strong><em>barbaros</em></strong></span> <span class='ocrx_word' id='word_1_81' title='bbox 727 1891 757 1948; x_wconf 92' lang='lat' dir='ltr'><strong><em>et</em></strong></span> <span class='ocrx_word' id='word_1_82' title='bbox 781 1883 978 1949; x_wconf 81' lang='lat' dir='ltr'><strong><em>dissimulato</em></strong></span> <span class='ocrx_word' id='word_1_83' title='bbox 998 1883 1155 1968; x_wconf 84' lang='lat' dir='ltr'><strong><em>principis</em></strong></span> <span class='ocrx_word' id='word_1_84' title='bbox 1180 1881 1299 1962; x_wconf 81' lang='lat' dir='ltr'><strong><em>halitu,</em></strong></span> 
     </span>
     <span class='ocr_line' id='line_1_13' title="bbox 176 1995 1298 2084; baseline -0.003 -22"><span class='ocrx_word' id='word_1_85' title='bbox 176 2019 272 2084; x_wconf 81' lang='lat' dir='ltr'><strong><em>quam</em></strong></span> <span class='ocrx_word' id='word_1_86' title='bbox 304 2000 444 2082; x_wconf 74' lang='lat' dir='ltr'><strong><em>proxime</em></strong></span> <span class='ocrx_word' id='word_1_87' title='bbox 464 2004 596 2081; x_wconf 84' lang='lat' dir='ltr'><strong><em>poteras,</em></strong></span> <span class='ocrx_word' id='word_1_88' title='bbox 619 2018 689 2062; x_wconf 91' lang='lat' dir='ltr'><strong><em>cum</em></strong></span> <span class='ocrx_word' id='word_1_89' title='bbox 713 1999 831 2062; x_wconf 82' lang='lat' dir='ltr'><strong><em>luobus</em></strong></span> <span class='ocrx_word' id='word_1_90' title='bbox 854 1998 1063 2062; x_wconf 84' lang='lat' dir='ltr'><strong><em>accedis</em></strong></span> <span class='ocrx_word' id='word_1_91' title='bbox 1087 1996 1171 2082; x_wconf 81' lang='lat' dir='ltr'><strong><em>facis</em></strong></span> <span class='ocrx_word' id='word_1_92' title='bbox 1195 1995 1298 2071; x_wconf 82' lang='lat' dir='ltr'><strong><em>uerba,</em></strong></span> 
     </span>
     <span class='ocr_line' id='line_1_14' title="bbox 175 2112 1299 2196; baseline -0.002 -20"><span class='ocrx_word' id='word_1_93' title='bbox 175 2133 261 2196; x_wconf 88' lang='lat' dir='ltr'><strong><em>spem</em></strong></span> <span class='ocrx_word' id='word_1_94' title='bbox 284 2112 408 2177; x_wconf 90' lang='lat' dir='ltr'><strong><em>illorum</em></strong></span> <span class='ocrx_word' id='word_1_95' title='bbox 431 2114 535 2194; x_wconf 81' lang='lat' dir='ltr'><strong><em>apitas</em></strong></span> <span class='ocrx_word' id='word_1_96' title='bbox 557 2117 586 2176; x_wconf 90' lang='lat' dir='ltr'><strong><em>et</em></strong></span> <span class='ocrx_word' id='word_1_97' title='bbox 608 2133 715 2176; x_wconf 87' lang='lat' dir='ltr'><strong><em>versas</em></strong></span> <span class='ocrx_word' id='word_1_98' title='bbox 737 2112 962 2192; x_wconf 83' lang='lat' dir='ltr'><strong><em>credulitatem,</em></strong></span> <span class='ocrx_word' id='word_1_99' title='bbox 984 2131 1080 2195; x_wconf 79' lang='lat' dir='ltr'><strong><em>nepas</em></strong></span> <span class='ocrx_word' id='word_1_100' title='bbox 1092 2118 1121 2176; x_wconf 92' lang='lat' dir='ltr'><strong><em>te</em></strong></span> <span class='ocrx_word' id='word_1_101' title='bbox 1132 2132 1195 2176; x_wconf 88' lang='lat' dir='ltr'><strong><em>esse</em></strong></span> <span class='ocrx_word' id='word_1_102' title='bbox 1207 2131 1299 2196; x_wconf 84' lang='lat' dir='ltr'><strong><em>prac-</em></strong></span> 
     </span>
     <span class='ocr_line' id='line_1_15' title="bbox 175 2225 1300 2309; baseline 0.001 -21"><span class='ocrx_word' id='word_1_103' title='bbox 175 2231 293 2290; x_wconf 87' lang='lat' dir='ltr'><strong><em>sentem</em></strong></span> <span class='ocrx_word' id='word_1_104' title='bbox 415 2225 606 2291; x_wconf 82' lang='lat' dir='ltr'><strong><em>Innumerae</em></strong></span> <span class='ocrx_word' id='word_1_105' title='bbox 631 2226 725 2290; x_wconf 86' lang='lat' dir='ltr'><strong><em>simul</em></strong></span> <span class='ocrx_word' id='word_1_106' title='bbox 753 2231 855 2309; x_wconf 79' lang='lat' dir='ltr'><strong><em>pentes</em></strong></span> <span class='ocrx_word' id='word_1_107' title='bbox 885 2226 930 2291; x_wconf 76' lang='lat' dir='ltr'><strong><em>orl</em></strong></span> <span class='ocrx_word' id='word_1_108' title='bbox 961 2225 1070 2290; x_wconf 84' lang='lat' dir='ltr'><strong><em>bellum</em></strong></span> <span class='ocrx_word' id='word_1_109' title='bbox 1094 2232 1222 2303; x_wconf 88' lang='lat' dir='ltr'><strong><em>coactae,</em></strong></span> <span class='ocrx_word' id='word_1_110' title='bbox 1245 2225 1300 2290; x_wconf 79' lang='lat' dir='ltr'><strong><em>secl</em></strong></span> 
     </span>
     <span class='ocr_line' id='line_1_16' title="bbox 176 2339 1299 2424; baseline 0 -21"><span class='ocrx_word' id='word_1_111' title='bbox 176 2360 239 2404; x_wconf 88' lang='lat' dir='ltr'><strong><em>uuo</em></strong></span> <span class='ocrx_word' id='word_1_112' title='bbox 269 2341 386 2423; x_wconf 89' lang='lat' dir='ltr'><strong><em>impetu</em></strong></span> <span class='ocrx_word' id='word_1_113' title='bbox 417 2344 469 2404; x_wconf 90' lang='lat' dir='ltr'><strong><em>tuo</em></strong></span> <span class='ocrx_word' id='word_1_114' title='bbox 500 2342 603 2424; x_wconf 83' lang='lat' dir='ltr'><strong><em>fusae,</em></strong></span> <span class='ocrx_word' id='word_1_115' title='bbox 626 2341 700 2405; x_wconf 75' lang='lat' dir='ltr'><strong><em>olum</em></strong></span> <span class='ocrx_word' id='word_1_116' title='bbox 723 2339 899 2405; x_wconf 76' lang='lat' dir='ltr'><strong><em>collativam</em></strong></span> <span class='ocrx_word' id='word_1_117' title='bbox 920 2340 982 2403; x_wconf 90' lang='lat' dir='ltr'><strong><em>nim</em></strong></span> <span class='ocrx_word' id='word_1_118' title='bbox 1005 2347 1198 2424; x_wconf 87' lang='lat' dir='ltr'><strong><em>comparant,</em></strong></span> <span class='ocrx_word' id='word_1_119' title='bbox 1221 2360 1299 2404; x_wconf 92' lang='lat' dir='ltr'><strong><em>com-</em></strong></span> 
     </span>
     <span class='ocr_line' id='line_1_17' title="bbox 175 2454 800 2538; baseline -0.002 -20"><span class='ocrx_word' id='word_1_120' title='bbox 175 2454 357 2538; x_wconf 86' lang='lat' dir='ltr'><strong><em>pendiosam</em></strong></span> <span class='ocrx_word' id='word_1_121' title='bbox 376 2455 537 2518; x_wconf 85' lang='lat' dir='ltr'><strong><em>uictoriam</em></strong></span> <span class='ocrx_word' id='word_1_122' title='bbox 561 2455 800 2538; x_wconf 85' lang='lat' dir='ltr'><strong><em>praestiterunt.</em></strong></span> 
     </span>
    </p>

    <p class='ocr_par' dir='ltr' id='par_1_3' title="bbox 96 2567 1300 4354">
     <span class='ocr_line' id='line_1_18' title="bbox 222 2567 1299 2651; baseline 0.002 -21"><span class='ocrx_word' id='word_1_123' title='bbox 222 2567 273 2631; x_wconf 88' lang='lat' dir='ltr'><strong><em>Ab</em></strong></span> <span class='ocrx_word' id='word_1_124' title='bbox 298 2569 357 2631; x_wconf 89' lang='lat' dir='ltr'><strong><em>hoc</em></strong></span> <span class='ocrx_word' id='word_1_125' title='bbox 380 2567 508 2631; x_wconf 84' lang='lat' dir='ltr'><strong><em>Nazarii</em></strong></span> <span class='ocrx_word' id='word_1_126' title='bbox 532 2570 602 2632; x_wconf 89' lang='lat' dir='ltr'><strong><em>loco</em></strong></span> <span class='ocrx_word' id='word_1_127' title='bbox 626 2570 826 2651; x_wconf 81' lang='lat' dir='ltr'><strong><em>incipiemus.</em></strong></span> <span class='ocrx_word' id='word_1_128' title='bbox 850 2569 953 2632; x_wconf 82' lang='lat' dir='ltr'><strong><em>Timet</em></strong></span> <span class='ocrx_word' id='word_1_129' title='bbox 976 2568 1217 2649; x_wconf 81' lang='lat' dir='ltr'><strong><em>Constantinus,</em></strong></span> <span class='ocrx_word' id='word_1_130' title='bbox 1228 2587 1299 2632; x_wconf 84' lang='lat' dir='ltr'><strong><em>nes</em></strong></span> 
     </span>
     <span class='ocr_line' id='line_1_19' title="bbox 96 2660 1299 2766; baseline 0.003 -23"><span class='ocrx_word' id='word_1_131' title='bbox 96 2660 100 2667; x_wconf 41' lang='lat'>⁵</span> <span class='ocrx_word' id='word_1_132' title='bbox 178 2681 320 2745; x_wconf 85' lang='lat' dir='ltr'><strong><em>barbaris</em></strong></span> <span class='ocrx_word' id='word_1_133' title='bbox 344 2683 504 2762; x_wconf 84' lang='lat' dir='ltr'><strong><em>timeatur,</em></strong></span> <span class='ocrx_word' id='word_1_134' title='bbox 527 2681 665 2765; x_wconf 89' lang='lat' dir='ltr'><strong><em>ideoque</em></strong></span> <span class='ocrx_word' id='word_1_135' title='bbox 687 2702 829 2766; x_wconf 85' lang='lat' dir='ltr'><strong><em>pugnam</em></strong></span> <span class='ocrx_word' id='word_1_136' title='bbox 854 2703 918 2746; x_wconf 92' lang='lat' dir='ltr'><strong><em>non</em></strong></span> <span class='ocrx_word' id='word_1_137' title='bbox 943 2686 1054 2747; x_wconf 85' lang='lat' dir='ltr'><strong><em>ausuri</em></strong></span> <span class='ocrx_word' id='word_1_138' title='bbox 1075 2685 1155 2759; x_wconf 77' lang='lat' dir='ltr'><strong><em>sint3</em></strong></span> <span class='ocrx_word' id='word_1_139' title='bbox 1179 2666 1299 2747; x_wconf 82' lang='lat' dir='ltr'><strong><em>itadis-</em></strong></span> 
     </span>
     <span class='ocr_line' id='line_1_20' title="bbox 177 2795 1298 2881; baseline 0.001 -22"><span class='ocrx_word' id='word_1_140' title='bbox 177 2796 327 2859; x_wconf 83' lang='lat' dir='ltr'><strong><em>simulato</em></strong></span> <span class='ocrx_word' id='word_1_141' title='bbox 369 2797 524 2879; x_wconf 89' lang='lat' dir='ltr'><strong><em>principis</em></strong></span> <span class='ocrx_word' id='word_1_142' title='bbox 563 2795 673 2859; x_wconf 84' lang='lat' dir='ltr'><strong><em>habitu</em></strong></span> <span class='ocrx_word' id='word_1_143' title='bbox 710 2815 764 2861; x_wconf 91' lang='lat' dir='ltr'><strong><em>eos</em></strong></span> <span class='ocrx_word' id='word_1_144' title='bbox 799 2796 877 2860; x_wconf 81' lang='lat' dir='ltr'><strong><em>adit</em></strong></span> <span class='ocrx_word' id='word_1_145' title='bbox 901 2796 1042 2881; x_wconf 79' lang='lat' dir='ltr'><strong><em>dicitque</em></strong></span> <span class='ocrx_word' id='word_1_146' title='bbox 1076 2799 1298 2880; x_wconf 87' lang='lat' dir='ltr'><strong><em>imperatorem</em></strong></span> 
     </span>
     <span class='ocr_line' id='line_1_21' title="bbox 176 2910 1299 2995; baseline 0.003 -23"><span class='ocrx_word' id='word_1_147' title='bbox 176 2911 285 2992; x_wconf 92' lang='lat' dir='ltr'><strong><em>ipsum</em></strong></span> <span class='ocrx_word' id='word_1_148' title='bbox 317 2929 381 2973; x_wconf 93' lang='lat' dir='ltr'><strong><em>non</em></strong></span> <span class='ocrx_word' id='word_1_149' title='bbox 405 2928 475 2973; x_wconf 89' lang='lat' dir='ltr'><strong><em>esse</em></strong></span> <span class='ocrx_word' id='word_1_150' title='bbox 498 2915 715 2993; x_wconf 71' lang='lat' dir='ltr'><strong><em>praesentem,</em></strong></span> <span class='ocrx_word' id='word_1_151' title='bbox 741 2930 804 2994; x_wconf 93' lang='lat' dir='ltr'><strong><em>quo</em></strong></span> <span class='ocrx_word' id='word_1_152' title='bbox 829 2910 938 2973; x_wconf 86' lang='lat' dir='ltr'><strong><em>audito</em></strong></span> <span class='ocrx_word' id='word_1_153' title='bbox 963 2910 1089 2975; x_wconf 84' lang='lat' dir='ltr'><strong><em>barbari</em></strong></span> <span class='ocrx_word' id='word_1_154' title='bbox 1114 2913 1195 2975; x_wconf 90' lang='lat' dir='ltr'><strong><em>inire</em></strong></span> <span class='ocrx_word' id='word_1_155' title='bbox 1219 2932 1299 2995; x_wconf 84' lang='lat' dir='ltr'><strong><em>pug-</em></strong></span> 
     </span>
     <span class='ocr_line' id='line_1_22' title="bbox 177 3020 1298 3108; baseline 0.003 -23"><span class='ocrx_word' id='word_1_156' title='bbox 177 3043 251 3086; x_wconf 83' lang='lat' dir='ltr'><strong><em>nam</em></strong></span> <span class='ocrx_word' id='word_1_157' title='bbox 287 3023 407 3086; x_wconf 83' lang='lat' dir='ltr'><strong><em>audent</em></strong></span> <span class='ocrx_word' id='word_1_158' title='bbox 442 3025 689 3107; x_wconf 87' lang='lat' dir='ltr'><strong><em>vincunturque.</em></strong></span> <span class='ocrx_word' id='word_1_159' title='bbox 725 3020 815 3087; x_wconf 87' lang='lat' dir='ltr'><strong><em>Haec</em></strong></span> <span class='ocrx_word' id='word_1_160' title='bbox 850 3044 1072 3108; x_wconf 82' lang='lat' dir='ltr'><strong><em>comparemus</em></strong></span> <span class='ocrx_word' id='word_1_161' title='bbox 1107 3025 1199 3090; x_wconf 87' lang='lat' dir='ltr'><strong><em>velim</em></strong></span> <span class='ocrx_word' id='word_1_162' title='bbox 1226 3046 1298 3089; x_wconf 87' lang='lat' dir='ltr'><strong><em>cum</em></strong></span> 
     </span>
     <span class='ocr_line' id='line_1_23' title="bbox 176 3136 1299 3221; baseline 0.003 -22"><span class='ocrx_word' id='word_1_163' title='bbox 176 3136 247 3200; x_wconf 91' lang='lat' dir='ltr'><strong><em>loco</em></strong></span> <span class='ocrx_word' id='word_1_164' title='bbox 276 3156 293 3200; x_wconf 86' lang='lat' dir='ltr'><strong><em>e</em></strong></span> <span class='ocrx_word' id='word_1_165' title='bbox 327 3139 521 3220; x_wconf 81' lang='lat' dir='ltr'><strong><em>panegyrico</em></strong></span> <span class='ocrx_word' id='word_1_166' title='bbox 546 3157 631 3200; x_wconf 92' lang='lat' dir='ltr'><strong><em>nono</em></strong></span> <span class='ocrx_word' id='word_1_167' title='bbox 655 3157 754 3221; x_wconf 82' lang='lat' dir='ltr'><strong><em>snpra</em></strong></span> <span class='ocrx_word' id='word_1_168' title='bbox 778 3137 946 3220; x_wconf 89' lang='lat' dir='ltr'><strong><em>descripto,</em></strong></span> <span class='ocrx_word' id='word_1_169' title='bbox 972 3158 1068 3221; x_wconf 89' lang='lat' dir='ltr'><strong><em>quem</em></strong></span> <span class='ocrx_word' id='word_1_170' title='bbox 1091 3158 1181 3202; x_wconf 91' lang='lat' dir='ltr'><strong><em>nnnc</em></strong></span> <span class='ocrx_word' id='word_1_171' title='bbox 1207 3159 1299 3202; x_wconf 87' lang='lat' dir='ltr'><strong><em>nocn-</em></strong></span> 
     </span>
     <span class='ocr_line' id='line_1_24' title="bbox 177 3249 1299 3334; baseline 0.002 -22"><span class='ocrx_word' id='word_1_172' title='bbox 177 3250 279 3312; x_wconf 85' lang='lat' dir='ltr'><strong><em>ratius</em></strong></span> <span class='ocrx_word' id='word_1_173' title='bbox 302 3251 533 3314; x_wconf 78' lang='lat' dir='ltr'><strong><em>examinemus,</em></strong></span> <span class='ocrx_word' id='word_1_174' title='bbox 558 3249 644 3314; x_wconf 80' lang='lat' dir='ltr'><strong><em>Gens</em></strong></span> <span class='ocrx_word' id='word_1_175' title='bbox 667 3251 748 3314; x_wconf 87' lang='lat' dir='ltr'><strong><em>levis</em></strong></span> <span class='ocrx_word' id='word_1_176' title='bbox 771 3255 803 3314; x_wconf 90' lang='lat' dir='ltr'><strong><em>et</em></strong></span> <span class='ocrx_word' id='word_1_177' title='bbox 821 3250 945 3315; x_wconf 78' lang='lat' dir='ltr'><strong><em>lubrica</em></strong></span> <span class='ocrx_word' id='word_1_178' title='bbox 956 3250 1050 3318; x_wconf 90' lang='lat' dir='ltr'><strong><em>fidem</em></strong></span> <span class='ocrx_word' id='word_1_179' title='bbox 1065 3256 1197 3334; x_wconf 82' lang='lat' dir='ltr'><strong><em>ruperat</em></strong></span> <span class='ocrx_word' id='word_1_180' title='bbox 1208 3253 1299 3315; x_wconf 91' lang='lat' dir='ltr'><strong><em>insti·</em></strong></span> 
     </span>
     <span class='ocr_line' id='line_1_25' title="bbox 176 3361 1299 3446; baseline 0.003 -21"><span class='ocrx_word' id='word_1_181' title='bbox 176 3363 279 3444; x_wconf 90' lang='lat' dir='ltr'><strong><em>titque</em></strong></span> <span class='ocrx_word' id='word_1_182' title='bbox 291 3361 410 3426; x_wconf 87' lang='lat' dir='ltr'><strong><em>Rheno.</em></strong></span> <span class='ocrx_word' id='word_1_183' title='bbox 422 3362 550 3444; x_wconf 87' lang='lat' dir='ltr'><strong><em>„Ilioo,&#39;‘</em></strong></span> <span class='ocrx_word' id='word_1_184' title='bbox 563 3363 640 3426; x_wconf 86' lang='lat' dir='ltr'><strong><em>haee</em></strong></span> <span class='ocrx_word' id='word_1_185' title='bbox 652 3365 754 3445; x_wconf 90' lang='lat' dir='ltr'><strong><em>ipsius</em></strong></span> <span class='ocrx_word' id='word_1_186' title='bbox 767 3365 951 3446; x_wconf 79' lang='lat' dir='ltr'><strong><em>panegyrici</em></strong></span> <span class='ocrx_word' id='word_1_187' title='bbox 965 3369 1043 3428; x_wconf 89' lang='lat' dir='ltr'><strong><em>sunt</em></strong></span> <span class='ocrx_word' id='word_1_188' title='bbox 1054 3364 1152 3427; x_wconf 86' lang='lat' dir='ltr'><strong><em>verba</em></strong></span> <span class='ocrx_word' id='word_1_189' title='bbox 1163 3363 1299 3445; x_wconf 86' lang='lat' dir='ltr'><strong><em>,obvius</em></strong></span> 
     </span>
     <span class='ocr_line' id='line_1_26' title="bbox 177 3475 1299 3559; baseline 0.002 -21"><span class='ocrx_word' id='word_1_190' title='bbox 177 3475 297 3539; x_wconf 86' lang='lat' dir='ltr'><strong><em>affuisti</em></strong></span> <span class='ocrx_word' id='word_1_191' title='bbox 321 3481 351 3539; x_wconf 90' lang='lat' dir='ltr'><strong><em>et</em></strong></span> <span class='ocrx_word' id='word_1_192' title='bbox 375 3477 553 3559; x_wconf 82' lang='lat' dir='ltr'><strong><em>praesentia</em></strong></span> <span class='ocrx_word' id='word_1_193' title='bbox 576 3481 641 3558; x_wconf 83' lang='lat' dir='ltr'><strong><em>tua,</em></strong></span> <span class='ocrx_word' id='word_1_194' title='bbox 664 3496 705 3540; x_wconf 93' lang='lat' dir='ltr'><strong><em>ne</em></strong></span> <span class='ocrx_word' id='word_1_195' title='bbox 729 3478 884 3541; x_wconf 86' lang='lat' dir='ltr'><strong><em>auderent</em></strong></span> <span class='ocrx_word' id='word_1_196' title='bbox 907 3479 1088 3556; x_wconf 81' lang='lat' dir='ltr'><strong><em>transitum,</em></strong></span> <span class='ocrx_word' id='word_1_197' title='bbox 1112 3478 1254 3540; x_wconf 88' lang='lat' dir='ltr'><strong><em>terruisti</em></strong></span> <span class='ocrx_word' id='word_1_198' title='bbox 1267 3482 1299 3540; x_wconf 86' lang='lat' dir='ltr'><strong><em>et</em></strong></span> 
     </span>
     <span class='ocr_line' id='line_1_27' title="bbox 175 3588 1299 3675; baseline 0.002 -23"><span class='ocrx_word' id='word_1_199' title='bbox 175 3592 240 3671; x_wconf 82' lang='lat' dir='ltr'><strong><em>jam</em></strong></span> <span class='ocrx_word' id='word_1_200' title='bbox 267 3588 425 3653; x_wconf 86' lang='lat' dir='ltr'><strong><em>videbaris</em></strong></span> <span class='ocrx_word' id='word_1_201' title='bbox 449 3609 515 3653; x_wconf 90' lang='lat' dir='ltr'><strong><em>rem</em></strong></span> <span class='ocrx_word' id='word_1_202' title='bbox 541 3593 624 3654; x_wconf 86' lang='lat' dir='ltr'><strong><em>votis</em></strong></span> <span class='ocrx_word' id='word_1_203' title='bbox 647 3592 712 3654; x_wconf 91' lang='lat' dir='ltr'><strong><em>tuis</em></strong></span> <span class='ocrx_word' id='word_1_204' title='bbox 724 3591 838 3655; x_wconf 89' lang='lat' dir='ltr'><strong><em>fecisse</em></strong></span> <span class='ocrx_word' id='word_1_205' title='bbox 850 3593 1052 3673; x_wconf 81' lang='lat' dir='ltr'><strong><em>contrariam,</em></strong></span> <span class='ocrx_word' id='word_1_206' title='bbox 1065 3591 1151 3675; x_wconf 92' lang='lat' dir='ltr'><strong><em>quod</em></strong></span> <span class='ocrx_word' id='word_1_207' title='bbox 1164 3590 1299 3654; x_wconf 87' lang='lat' dir='ltr'><strong><em>inhibita</em></strong></span> 
     </span>
     <span class='ocr_line' id='line_1_28' title="bbox 179 3704 1299 3787; baseline 0.002 -21"><span class='ocrx_word' id='word_1_208' title='bbox 179 3705 347 3787; x_wconf 88' lang='lat' dir='ltr'><strong><em>eruptione</em></strong></span> <span class='ocrx_word' id='word_1_209' title='bbox 384 3723 446 3767; x_wconf 92' lang='lat' dir='ltr'><strong><em>non</em></strong></span> <span class='ocrx_word' id='word_1_210' title='bbox 481 3704 562 3768; x_wconf 88' lang='lat' dir='ltr'><strong><em>foret</em></strong></span> <span class='ocrx_word' id='word_1_211' title='bbox 599 3707 729 3769; x_wconf 84' lang='lat' dir='ltr'><strong><em>materia</em></strong></span> <span class='ocrx_word' id='word_1_212' title='bbox 762 3707 923 3786; x_wconf 85' lang='lat' dir='ltr'><strong><em>victoriae,</em></strong></span> <span class='ocrx_word' id='word_1_213' title='bbox 946 3707 1001 3769; x_wconf 87' lang='lat' dir='ltr'><strong><em>sed</em></strong></span> <span class='ocrx_word' id='word_1_214' title='bbox 1026 3707 1110 3768; x_wconf 89' lang='lat' dir='ltr'><strong><em>enim</em></strong></span> <span class='ocrx_word' id='word_1_215' title='bbox 1136 3706 1299 3787; x_wconf 86' lang='lat' dir='ltr'><strong><em>inopinato</em></strong></span> 
     </span>
     <span class='ocr_line' id='line_1_29' title="bbox 178 3817 1299 3901; baseline 0.001 -22"><span class='ocrx_word' id='word_1_216' title='bbox 178 3817 311 3880; x_wconf 89' lang='lat' dir='ltr'><strong><em>consilio</em></strong></span> <span class='ocrx_word' id='word_1_217' title='bbox 344 3837 423 3881; x_wconf 91' lang='lat' dir='ltr'><strong><em>usus</em></strong></span> <span class='ocrx_word' id='word_1_218' title='bbox 446 3817 594 3897; x_wconf 79' lang='lat' dir='ltr'><strong><em>abeundi,</em></strong></span> <span class='ocrx_word' id='word_1_219' title='bbox 618 3818 767 3881; x_wconf 82' lang='lat' dir='ltr'><strong><em>simulato</em></strong></span> <span class='ocrx_word' id='word_1_220' title='bbox 791 3821 905 3880; x_wconf 91' lang='lat' dir='ltr'><strong><em>nuntio</em></strong></span> <span class='ocrx_word' id='word_1_221' title='bbox 931 3820 1060 3900; x_wconf 85' lang='lat' dir='ltr'><strong><em>majoris</em></strong></span> <span class='ocrx_word' id='word_1_222' title='bbox 1083 3821 1116 3881; x_wconf 93' lang='lat' dir='ltr'><strong><em>in</em></strong></span> <span class='ocrx_word' id='word_1_223' title='bbox 1142 3820 1299 3901; x_wconf 82' lang='lat' dir='ltr'><strong><em>superiori</em></strong></span> 
     </span>
     <span class='ocr_line' id='line_1_30' title="bbox 178 3930 1300 4012; baseline 0.003 -20"><span class='ocrx_word' id='word_1_224' title='bbox 178 3930 279 3993; x_wconf 88' lang='lat' dir='ltr'><strong><em>limite</em></strong></span> <span class='ocrx_word' id='word_1_225' title='bbox 303 3932 472 4012; x_wconf 90' lang='lat' dir='ltr'><strong><em>tumultus,</em></strong></span> <span class='ocrx_word' id='word_1_226' title='bbox 493 3933 692 3994; x_wconf 82' lang='lat' dir='ltr'><strong><em>occasionem</em></strong></span> <span class='ocrx_word' id='word_1_227' title='bbox 717 3931 841 3995; x_wconf 88' lang='lat' dir='ltr'><strong><em>stolidis</em></strong></span> <span class='ocrx_word' id='word_1_228' title='bbox 865 3931 1000 3996; x_wconf 77' lang='lat' dir='ltr'><strong><em>scieris</em></strong></span> <span class='ocrx_word' id='word_1_229' title='bbox 1025 3932 1187 3996; x_wconf 89' lang='lat' dir='ltr'><strong><em>mentibus</em></strong></span> <span class='ocrx_word' id='word_1_230' title='bbox 1208 3931 1300 3996; x_wconf 90' lang='lat' dir='ltr'><strong><em>obtu-</em></strong></span> 
     </span>
     <span class='ocr_line' id='line_1_31' title="bbox 178 4045 1299 4128; baseline 0.001 -22"><span class='ocrx_word' id='word_1_231' title='bbox 178 4045 244 4106; x_wconf 88' lang='lat' dir='ltr'><strong><em>listi</em></strong></span> <span class='ocrx_word' id='word_1_232' title='bbox 272 4045 305 4104; x_wconf 92' lang='lat' dir='ltr'><strong><em>in</em></strong></span> <span class='ocrx_word' id='word_1_233' title='bbox 340 4049 448 4106; x_wconf 85' lang='lat' dir='ltr'><strong><em>nostra</em></strong></span> <span class='ocrx_word' id='word_1_234' title='bbox 484 4045 642 4119; x_wconf 86' lang='lat' dir='ltr'><strong><em>veniendi,</em></strong></span> <span class='ocrx_word' id='word_1_235' title='bbox 678 4046 797 4108; x_wconf 89' lang='lat' dir='ltr'><strong><em>relictis</em></strong></span> <span class='ocrx_word' id='word_1_236' title='bbox 832 4046 866 4107; x_wconf 89' lang='lat' dir='ltr'><strong><em>in</em></strong></span> <span class='ocrx_word' id='word_1_237' title='bbox 902 4045 1025 4108; x_wconf 85' lang='lat' dir='ltr'><strong><em>occulto</em></strong></span> <span class='ocrx_word' id='word_1_238' title='bbox 1061 4045 1209 4126; x_wconf 76' lang='lat' dir='ltr'><strong><em>ducibnS,</em></strong></span> <span class='ocrx_word' id='word_1_239' title='bbox 1244 4047 1299 4128; x_wconf 89' lang='lat' dir='ltr'><strong><em>qni</em></strong></span> 
     </span>
     <span class='ocr_line' id='line_1_32' title="bbox 177 4155 1293 4238; baseline 0.002 -20"><span class='ocrx_word' id='word_1_240' title='bbox 177 4175 308 4220; x_wconf 89' lang='lat' dir='ltr'><strong><em>securos</em></strong></span> <span class='ocrx_word' id='word_1_241' title='bbox 331 4158 540 4221; x_wconf 83' lang='lat' dir='ltr'><strong><em>adorirentur.</em></strong></span> <span class='ocrx_word' id='word_1_242' title='bbox 566 4156 636 4232; x_wconf 81' lang='lat' dir='ltr'><strong><em>Quo</em></strong></span> <span class='ocrx_word' id='word_1_243' title='bbox 660 4177 733 4222; x_wconf 89' lang='lat' dir='ltr'><strong><em>oum</em></strong></span> <span class='ocrx_word' id='word_1_244' title='bbox 758 4160 787 4222; x_wconf 86' lang='lat' dir='ltr'><strong><em>ei</em></strong></span> <span class='ocrx_word' id='word_1_245' title='bbox 811 4155 983 4238; x_wconf 88' lang='lat' dir='ltr'><strong><em>venissent,</em></strong></span> <span class='ocrx_word' id='word_1_246' title='bbox 1008 4159 1180 4222; x_wconf 88' lang='lat' dir='ltr'><strong><em>consilium</em></strong></span> <span class='ocrx_word' id='word_1_247' title='bbox 1201 4162 1293 4220; x_wconf 90' lang='lat' dir='ltr'><strong><em>tuum</em></strong></span> 
     </span>
     <span class='ocr_line' id='line_1_33' title="bbox 179 4271 510 4354; baseline 0 -21"><span class='ocrx_word' id='word_1_248' title='bbox 179 4272 328 4354; x_wconf 89' lang='lat' dir='ltr'><strong><em>seqnitur</em></strong></span> <span class='ocrx_word' id='word_1_249' title='bbox 351 4271 510 4335; x_wconf 82' lang='lat' dir='ltr'><strong><em>fortuna.&#39;&#39;</em></strong></span> 
     </span>
    </p>
   </div>
   <div class='ocr_carea' id='block_1_3' title="bbox 211 4517 1113 4583">
    <p class='ocr_par' dir='ltr' id='par_1_4' title="bbox 211 4517 1113 4583">
     <span class='ocr_line' id='line_1_34' title="bbox 211 4517 1113 4583; baseline 0.006 -18"><span class='ocrx_word' id='word_1_250' title='bbox 211 4518 237 4581; x_wconf 86' lang='grc'><strong><em>1)</em></strong></span> <span class='ocrx_word' id='word_1_251' title='bbox 258 4517 413 4582; x_wconf 73' lang='lat' dir='ltr'><strong><em>sciamusne,</em></strong></span> <span class='ocrx_word' id='word_1_252' title='bbox 430 4519 586 4577; x_wconf 80' lang='lat' dir='ltr'><strong><em>Clamascos,</em></strong></span> <span class='ocrx_word' id='word_1_253' title='bbox 605 4519 759 4570; x_wconf 82' lang='lat' dir='ltr'><strong><em>Clamnvos&#39;‘</em></strong></span> <span class='ocrx_word' id='word_1_254' title='bbox 779 4520 959 4583; x_wconf 78' lang='lat' dir='ltr'><strong><em>manuscripta</em></strong></span> <span class='ocrx_word' id='word_1_255' title='bbox 978 4521 1113 4583; x_wconf 83' lang='lat' dir='ltr'><strong><em>praebent.</em></strong></span> 
     </span>
    </p>
   </div>
   <div class='ocr_carea' id='block_1_4' title="bbox 0 0 1621 5280">
    <p class='ocr_par' dir='ltr' id='par_1_5' title="bbox 0 0 1621 5280">
     <span class='ocr_line' id='line_1_35' title="bbox 0 0 1621 5280; baseline 0 0"><span class='ocrx_word' id='word_1_256' title='bbox 0 0 1621 5280; x_wconf 95' lang='lat' dir='ltr'><strong><em> </em></strong></span> 
     </span>
    </p>
   </div>
  </div>
 </body>
</html>
