3244 5296
722 521 783 583 171

180 713 307 796 tigisse,
341 711 419 774 dum
455 711 652 793 punirentur
686 726 728 773 ex
756 709 839 790 jure,
871 707 921 772 vel
945 713 1108 792 nmquam
1135 709 1225 774 irrIta
1248 709 1312 793 dif-

176 823 321 904 fluebant
344 829 375 888 et
398 843 490 888 vana

227 937 318 1021 Leg.:
355 935 550 1021 diffluerent.
590 935 664 1001 Post
700 936 778 1000 haee
814 934 910 1001 verba
940 937 1060 1018 inJuria
1090 935 1310 1018 Eyssenhardt

180 1053 332 1116 lacunam
357 1051 521 1116 indicavit

651 1285 657 1296 ⁹
678 1297 822 1362 XXXII

229 1549 296 1612 Jul.
333 1546 406 1631 Gap.
442 1546 507 1610 Vit.
542 1544 628 1608 IIax.
662 1544 739 1627 XII,
776 1547 812 1608 2:
849 1545 923 1631 Ipse
946 1552 1109 1630 praeterea
1132 1566 1230 1612 manu
1253 1567 1313 1614 sua

187 1662 291 1725 multa
320 1659 465 1740 faciebat,
488 1678 562 1722 eum
587 1661 684 1722 etiam
707 1657 856 1742 paludem
880 1660 1048 1743 ingressus
1072 1662 1311 1725 circumventus

187 1781 237 1840 est
260 1795 279 1838 a
303 1774 482 1854 Germanis,
505 1775 569 1836 nisi
593 1791 663 1835 oum
685 1791 741 1836 auo
763 1791 847 1856 equo
872 1774 1090 1838 inhaerentem
1115 1772 1311 1839 liberassent.

231 1886 315 1970 Ieg:
339 1906 409 1951 oum
432 1887 489 1949 aui.

671 2134 833 2199 XXXIII.

231 2386 325 2471 Greg.
362 2385 467 2470 Magn.
502 2382 583 2448 DiaI
619 2383 654 2466 Ι.,
689 2404 718 2467 p.
754 2385 797 2446 54
830 2383 926 2449 Bon:
964 2386 1090 2448 ....ita
1113 2389 1191 2450 sunt
1216 2405 1310 2451 casus

188 2501 315 2581 nontin,
356 2504 394 2564 ut
436 2499 526 2582 prius
561 2498 692 2583 quidem
727 2498 839 2581 perdat
874 2496 994 2562 bouum
1031 2499 1118 2583 quod
1152 2503 1249 2582 tenet,
1283 2501 1312 2563 si

188 2621 296 2678 tammr
321 2631 355 2678 se
378 2613 556 2697 perdidisse
580 2612 768 2677 meminerit.

233 2725 314 2790 Oum
339 2725 455 2791 Oodioe
478 2723 650 2789 Nannieno
671 2723 749 2808 leg.:
773 2723 834 2788 ead

232 2839 313 2904 Ibid.
349 2861 377 2924 p.
402 2841 464 2902 58:
491 2838 545 2904 Sic
569 2837 699 2919 Moyses
723 2838 757 2900 in
782 2856 888 2902 eremo
912 2838 1035 2903 εᾱοσίαε
1058 2839 1245 2904 mandatum
1272 2840 1311 2905 ab

190 2954 317 3037 Angelo
340 2953 460 3018 didicit.

233 3065 314 3131 Cum
357 3065 529 3130 Godioihus
571 3063 699 3146 Lyrano
740 3064 967 3150 Rotomegensi
1009 3066 1199 3132 Pretellensi
1234 3068 1310 3152 leg.:

189 3179 326 3246 duodus.

673 3413 832 3480 XXXIV.

233 3663 344 3729 Gildas
367 3662 415 3728 De
437 3663 516 3727 Exo.
541 3668 572 3728 et
595 3662 718 3748 Oonqu.
742 3662 834 3729 Britt.
862 3665 890 3747 1,
913 3686 943 3750 p.
967 3667 1008 3728 27
1029 3665 1194 3733 Momms.:
1209 3669 1313 3752 quid?

191 3778 337 3843 mihimet
359 3781 410 3842 aio
434 3776 545 3857 tihine‚
569 3777 673 3859 miser,
698 3778 800 3841 voluti
812 3780 991 3863 conspicuo
1003 3798 1040 3843 ae
1054 3799 1179 3845 summo
1192 3781 1314 3846 doctori

190 3890 264 3956 talis
288 3910 366 3956 cura
388 3893 582 3974 committur,
619 3895 655 3954 ut
677 3889 785 3955 obstes
809 3891 928 3956 ictibus
951 3897 1016 3956 tam
1040 3893 1173 3959 violenti
1191 3899 1313 3959 torren-

191 4006 243 4087 tis,
277 4009 309 4068 et
343 4010 453 4068 eontra
477 4005 564 4069 huno
586 4004 772 4067 inolitorum
798 4005 956 4070 scelerum
980 4005 1089 4071 funem
1114 4025 1171 4091 per
1194 4011 1239 4071 tot
1257 4028 1312 4072 an·

189 4137 305 4182 norum
329 4121 431 4202 spatia
454 4118 632 4201 interrupte
654 4117 783 4200 lateque
800 4126 996 4201 protractum
1011 4139 1119 4186 serves
1133 4121 1312 4205 depositum

188 4231 248 4294 tibi
271 4231 429 4295 creditum
452 4237 484 4296 et
508 4230 640 4296 taceas?

233 4344 298 4408 Pro
321 4346 495 4425 interrupte
519 4348 645 4429 recepta
669 4344 730 4407 v.l.
753 4344 916 4427 indirupte
938 4348 1016 4430 leg.:
1041 4348 1146 4431 quid?
1167 4349 1313 4414 mihimet

188 4459 247 4542 aio,
271 4458 392 4523 tibIne.
408 4508 414 4523 .
430 4507 460 4524 ..
484 4456 659 4523 torrentis?
682 4455 713 4520 N
714 4475 750 4521 eo
763 4505 771 4522 .
786 4504 793 4520 .
808 4506 816 4523 .
830 4506 838 4523 .
863 4460 992 4525 eneas?
