3244 5296
709 508 771 572 109

172 696 356 778 longinqua
386 699 475 757 trans
505 692 652 757 Rhenum
679 695 741 757 sita
764 693 877 757 Franci
903 700 1069 772 venerunt,
1093 712 1166 758 cum
1191 693 1300 758 Gama-

172 828 286 872 racum
310 826 425 873 versus
449 808 604 892 populum
630 827 725 871 suum
751 807 845 871 duxit
869 806 1019 891 Ghlogio;
1035 809 1101 890 jam
1123 807 1245 871 dudum
1265 809 1298 870 in

170 920 357 985 Toxandria
380 921 472 985 sedes
496 919 682 1000 habuerant,
702 921 768 1002 jam
793 920 916 983 dudum
931 921 977 984 cis
989 918 1138 984 Rhenum
1151 927 1300 1005 egerant:

173 1041 209 1098 et
232 1036 356 1100 etiamsi
376 1034 474 1099 verba
485 1035 539 1097 illa
552 1033 698 1118 Gregorii
715 1032 845 1115 „Rheno
859 1032 1040 1098 transacto'’
1054 1053 1235 1118 permeasse
1246 1051 1302 1098 eos

171 1149 390 1232 Thoringiam,
413 1149 569 1231 quaejam
585 1147 752 1212 manifeste
764 1149 809 1212 cis
821 1146 971 1211 Rhenum
983 1147 1187 1231 Thoringiam
1200 1148 1302 1212 fuisse

174 1262 361 1341 ostendunt,
395 1263 582 1342 omittimus,
617 1266 738 1325 restant
768 1261 841 1324 illa:
869 1263 1029 1344 „primum
1054 1261 1184 1344 quidem
1209 1262 1303 1324 litora

174 1374 282 1439 Rheni
305 1394 415 1439 omnes
439 1373 643 1438 incoluisee'’.
666 1373 751 1451 Quid
764 1375 832 1438 ita?
846 1375 874 1436 A
888 1373 999 1438 Rheno
1010 1375 1110 1458 igitur
1121 1375 1154 1437 in
1166 1373 1303 1437 Thurin·

174 1490 262 1571 giam
284 1488 469 1552 redierunt?
484 1486 505 1566 ¹)
526 1491 577 1550 An
601 1488 678 1552 haec
690 1507 821 1572 quoque
832 1487 936 1552 falsa?
949 1489 1060 1571 Apage
1072 1488 1219 1571 ineptias!
1233 1487 1303 1552 Rte

175 1600 355 1684 Thuringia
378 1602 542 1666 venientes
567 1621 663 1684 quam
689 1601 801 1665 urbem
827 1602 961 1686 primam
986 1601 1168 1684 cepissent?
1193 1600 1298 1665 Gama-

176 1715 307 1776 racum!
332 1712 380 1776 De
404 1712 544 1795 Colonia,
568 1715 608 1778 de
631 1714 710 1778 urbe
731 1714 934 1779 Trevirorum
960 1720 1114 1799 occupata
1133 1715 1303 1798 nihillegi·

178 1847 262 1904 mue,
294 1830 400 1892 statim
426 1848 444 1891 a
467 1828 643 1912 Thuringia
667 1828 788 1892 Gallias
812 1830 950 1912 ingressi
974 1847 1071 1912 prope
1095 1827 1302 1892 Camaracum

178 1945 278 2005 erant.
302 1939 431 2005 Insulsa
455 1943 513 2005 hoc
533 1921 627 2005 modo
651 1943 758 2005 omnia
781 1941 849 2005 fieri
863 1943 970 2026 quivis
983 1942 1079 2006 ridet.
1092 1941 1164 2005 Una
1176 1946 1300 2005 tantum

179 2055 232 2118 via
255 2056 305 2135 iis,
329 2056 385 2138 qui
409 2057 442 2118 in
469 2053 604 2118 Galliam
630 2057 775 2137 veniunt,
797 2058 936 2139 primum
958 2054 1164 2119 Camaracum
1178 2055 1301 2118 aditur:

178 2187 198 2231 e
230 2168 421 2232 Toxandria.
455 2169 598 2249 Accedit,
633 2169 719 2252 quod
744 2188 781 2232 eo
807 2169 901 2233 modo
925 2168 1101 2252 Gregorius
1124 2187 1197 2231 cum
1222 2168 1303 2230 anti·

179 2282 331 2364 quiorum
356 2283 479 2346 notitiis
503 2283 682 2366 conspirat:
707 2283 784 2346 dicit
806 2281 912 2346 Rheni
935 2284 1028 2346 litora
1047 2282 1222 2346 incoluisse
1240 2299 1305 2362 eos,

178 2395 263 2460 idem
289 2396 328 2459 de
353 2394 523 2460 chamavis
546 2402 577 2460 et
600 2396 695 2461 Saliis
709 2398 741 2458 in
754 2397 863 2461 insuia
876 2396 1069 2460 Batavorum
1084 2394 1303 2459 habitantibus

180 2511 340 2574 novimus.
363 2510 443 2573 Tum
468 2508 616 2574 Rhenum
643 2511 720 2574 dicit
740 2530 795 2575 eos
808 2513 983 2591 transiisse,
995 2511 1162 2574 transiisse
1175 2527 1305 2592 quoque

181 2621 285 2687 Salios
307 2622 455 2688 Rhenum
482 2644 522 2691 ex
543 2625 715 2689 Ammiano
735 2627 958 2709 comperimus.
979 2623 1146 2688 Postremo
1159 2625 1205 2687 cis
1218 2622 1299 2687 Rhe·

180 2757 259 2801 num
295 2738 386 2802 sedes
410 2757 464 2802 eos
486 2737 599 2802 fixisse
623 2739 722 2802 docet.
751 2737 887 2802 Ubinam
912 2738 1036 2822 igitur?
1059 2737 1097 2801 Iu
1122 2736 1305 2800 Toxandria

181 2850 213 2913 id
250 2856 300 2916 est
329 2853 360 2914 in
393 2852 573 2935 Thoringia
597 2852 712 2935 Itaque
735 2852 799 2915 duo
824 2858 915 2916 erant
937 2851 1135 2936 Thoringiae.
1158 2851 1200 2914 ut
1223 2851 1305 2915 duos

179 2963 281 3028 fuisse
310 2963 499 3048 Thoringias
534 2972 628 3029 etex
653 2984 690 3028 eo
713 2971 852 3048 apparet,
876 2965 962 3048 qnod
986 2964 1079 3029 ambo
1103 2967 1137 3028 in
1162 2969 1306 3047 poemate

181 3078 291 3142 eodem
313 3085 611 3142 commemorantur.
636 3077 683 3143 De
707 3098 782 3162 rege
804 3078 944 3142 Rothero
968 3081 1045 3143 haec
1068 3075 1259 3163 legimus²tt

245 3200 424 3284 Derrinpca
448 3203 532 3266 uode
557 3202 712 3283 Brciboret
743 3202 872 3267 Vriesaa
897 3205 980 3268 unde
1003 3203 1145 3278 Helleni,

246 3315 312 3398 graf
328 3314 365 3378 be
387 3316 453 3379 viar
473 3314 576 3395 baren,
600 3316 650 3380 da'c
672 3317 728 3380 mit
751 3317 809 3379 imo
830 3319 939 3381 wareo

205 3460 207 3468 v
246 3429 319 3492 atzir
337 3428 432 3492 londo
451 3430 592 3511 perraria,
614 3429 665 3491 die
687 3428 790 3492 hatten
812 3429 957 3512 herewin
979 3449 1112 3506 nomem

247 3540 284 3605 be
307 3541 424 3605 merten
447 3541 528 3604 allia
550 3543 581 3605 ir
601 3541 661 3622 pot,
685 3542 714 3604 εἰ
735 3540 837 3605 hatten
863 3541 921 3606 ime
944 3542 1002 3606 wol
1023 3541 1171 3624 pectinata

248 3654 364 3718 Rother
382 3673 436 3719 aaa
458 3655 503 3719 bit
526 3655 619 3719 noller
641 3654 719 3718 bont
741 3656 809 3719 aad
832 3656 913 3719 docte
937 3654 1057 3720 atricae
1080 3657 1129 3720 die
1151 3655 1229 3735 lant,

247 3769 284 3832 be
306 3768 427 3832 ricbedc
450 3769 605 3850 manipen,
629 3767 758 3832 Erwtac
779 3770 845 3852 graf
863 3769 900 3833 be
923 3769 1083 3851 Iepaniera

251 3880 367 3946 Sabaea
391 3882 456 3944 aad
478 3881 624 3962 uariam,
647 3879 771 3944 Plieam
795 3883 864 3944 aad
887 3881 1036 3945 Stourvea

246 3995 312 4078 pos
329 3995 366 4058 be
388 3995 442 4059 aba
463 4013 589 4076 praeeo.

185 4127 327 4134 .-.-——..

215 4180 245 4244 1)
261 4180 332 4230 Haec
358 4180 447 4243 opinio
465 4184 505 4228 est
520 4179 635 4228 Passuri
653 4179 681 4228 in
702 4179 785 4230 Bonn.
802 4180 891 4231 Jahrb.
910 4178 943 4229 95
960 4179 1020 4245 (Die
1038 4179 1242 4243 KiinigspIalzen
1259 4178 1307 4228 der

181 4273 359 4337 Merowinger
385 4272 405 4338 1,
431 4271 602 4336 Dispargum)
622 4286 647 4335 p.
672 4271 737 4337 140;
765 4273 865 4323 bellum
889 4278 982 4323 contra
998 4273 1148 4336 Thuringos
1166 4287 1180 4322 a
1199 4271 1307 4321 Francis

182 4365 310 4415 rhenanis
327 4368 433 4429 gestum
451 4369 516 4414 tunc
534 4378 591 4413 esse
609 4367 695 4426 putat.

216 4456 243 4520 2)
262 4457 306 4507 Vs.
324 4455 390 4506 4829
409 4469 467 4520 sqq.
