3240 5304
709 571 750 636 63

165 758 207 822 ad
236 757 474 842 Mogontiacum
488 763 518 822 et
530 759 643 841 Aquas
657 755 822 821 Mattiacas
835 756 927 821 sedes
940 755 1123 821 habuerunt
1136 753 1176 836 θὶς
1190 755 1292 821 Saxo-

166 891 224 936 nes
266 891 283 936 e
324 872 427 956 patria
461 889 560 954 prope
597 869 830 934 Chersonesum
867 868 1058 934 Cimbricam
1095 870 1290 935 occidentem

166 987 396 1071 meridiemque
428 1005 540 1050 versus
572 984 872 1069 appropinquabant
895 985 1010 1066 etjam
1036 985 1187 1068 antiquae
1210 983 1290 1047 Cha-

167 1120 331 1164 marorum
374 1102 494 1184 patriae
536 1106 656 1184 partem
692 1099 973 1183 septentrionalem
1010 1104 1245 1182 occupaverant
1258 1097 1290 1176 ¹).

165 1214 281 1298 Itaque
312 1216 368 1298 qui
394 1215 478 1277 inter
501 1213 699 1278 Alamannos
723 1212 933 1297 Saxonesque
957 1211 1143 1276 habitabant
1165 1211 1290 1294 Franci,

165 1328 246 1391 nulli
282 1328 336 1390 aiii
360 1346 431 1392 esse
455 1320 591 1411 possunt
615 1347 712 1410 quam
737 1326 889 1390 Chamavi
912 1326 1148 1407 transrhenani,
1171 1325 1290 1409 quibus

166 1448 272 1505 tamen
303 1441 432 1505 finitimi
457 1462 475 1505 a
499 1447 588 1524 parte
611 1441 811 1506 meridionali
835 1460 899 1503 non
924 1441 1097 1506 Alamanni
1120 1445 1212 1503 erant
1235 1439 1290 1503 sed

166 1555 332 1636 Bructeri;
358 1556 472 1620 horum
496 1558 620 1620 ratione
644 1575 708 1619 non
733 1555 841 1618 habita
864 1555 937 1618 illos
960 1553 1148 1618 nominabat
1171 1562 1292 1636 auctor,

169 1673 245 1753 quia
268 1669 463 1733 Francorum
488 1671 622 1754 patriam
648 1669 780 1733 eandem
805 1687 875 1732 esse
899 1688 935 1732 ac
961 1687 1044 1753 quae
1068 1667 1107 1731 ab
1131 1668 1291 1732 historicis

166 1785 421 1868 geographisque
456 1786 598 1866 antiquis
635 1783 805 1848 Germania
836 1785 973 1866 (magna)
1004 1782 1179 1847 vocabatur
1203 1784 1291 1866 regio

169 1917 375 1982 quacumque
409 1899 449 1962 de
480 1918 577 1962 causa
599 1896 733 1980 putabat
747 1900 768 1980 ³)
794 1903 825 1961 et
848 1896 1019 1961 Germania
1043 1916 1158 1980 magna
1180 1915 1292 1960 revera

167 2012 255 2075 hisce
289 2011 485 2095 temporibus
520 2011 565 2074 ibi
599 2011 781 2094 incipiebat,
812 2010 868 2074 uhi
892 2011 1077 2074 habitabant
1100 2010 1290 2088 Alemanni3

166 2125 296 2206 accedit,
332 2124 417 2208 quod
453 2125 709 2188 Alemannorum
746 2143 862 2189 nomen
896 2126 998 2208 magis
1021 2129 1135 2188 notum
1160 2143 1230 2188 esse
1253 2144 1291 2187 ac

168 2237 397 2302 Bructerorum
418 2239 492 2320 jure
515 2237 662 2301 arbitrari
686 2243 808 2321 poterat
832 2243 950 2301 auctor.

277 2756 296 2836 ᾖ
320 2757 347 2817 4.
373 2753 422 2819 De
447 2754 579 2820 Jalicno
603 2755 636 2819 in
655 2756 764 2840 patrio
787 2761 898 2819 nostru
923 2755 1036 2820 balium
1056 2761 1191 2840 peracto.

211 2939 273 3004 Sed
305 2943 370 3024 jam
402 2944 608 3025 pervenimus
631 2943 670 3006 ad
694 2948 820 3026 tempus
844 2943 977 3025 Juliani‚
1003 2964 1067 3028 quo
1092 2945 1152 3026 hio,
1176 2943 1292 3008 Caesar

167 3053 280 3135 adhuc,
315 3075 333 3117 a
367 3054 553 3120 Constantio
587 3057 620 3118 in
653 3056 773 3120 Gallias
806 3058 943 3120 mittitur
967 3077 1083 3123 nomen
1108 3057 1290 3121 Romanum

169 3169 399 3234 vindicaturus.
425 3170 466 3233 Oi
489 3170 547 3251 γὰρ
571 3169 606 3244 δὴ
630 3168 790 3250 βάρβαρα,
815 3167 863 3243 οὓς
885 3169 1293 3249 &caeterorummetum

168 3281 209 3353 εἷς
243 3263 428 3361 συμμαχίαν
460 3283 542 3348 κατθι
566 3283 759 3360 Maarsares
784 3284 882 3364 μικρὸν
908 3282 1070 3364 ἔμπροσθεν
1094 3284 1291 3362 ἐμισθώσατο,

168 3395 210 3468 εἷς
244 3397 323 3460 οὐδὲν
354 3398 502 3477 χρήσιμον
533 3399 615 3463 κατα
646 3403 698 3463 τοῦ
724 3397 862 3478 τνρνθνννν
885 3397 1034 3476 γενόμενα
1058 3397 1116 3471 τὰς
1141 3396 1292 3475 Ῥωμαίων

169 3507 298 3590 ἔφθειρον
334 3511 439 3596 πόλεις
450 3513 485 3595 ⁴).
520 3513 609 3576 Tune
644 3513 852 3576 Constantius
887 3511 1026 3588 θεώμενος
1058 3510 1213 3591 Φρθγκονς
1236 3510 1291 3587 μὲν

169 3621 221 3685 καὶ
252 3623 463 3701 'anapaesta
490 3623 542 3687 καὶ
563 3622 699 3700 Σθξννας
722 3625 776 3699 ἤδη
800 3623 1024 3705 τεσσαράκοντα
1049 3623 1152 3698 πόλεις
1176 3626 1291 3687 ἔτεκεν-

168 3737 263 3814 μένας
286 3739 327 3818 τῷ
352 3738 439 3818 Ῥήνῳ
464 3737 695 3819 κατειληφότας
719 3737 769 3802 καὶ
781 3737 880 3811 αὐτας
892 3739 947 3816 μὲν
959 3736 1150 3811 ἀναστάτους
1163 3760 1291 3811 τεταν-

167 3850 269 3924 κθτας,
294 3851 360 3924 τοὺς
384 3852 415 3915 δὲ
438 3850 549 3917 τνθταν
573 3852 726 3932 οἰκήτορας
751 3899 825 3917 ....
852 3850 1039 3932 saraptanae
1063 3898 1157 3924 ....‚
1182 3852 1291 3916 ἐκτῶν

166 3966 295 4039 Ἀθηνῶν
314 3965 473 4030 Ἰονλνανθν
494 4014 501 4029 .
518 4017 524 4030 .
539 4013 569 4032 ..
590 3973 652 4039 τοῖς
674 3966 748 4047 ὑπὲρ
768 3965 826 4038 τας
838 3964 972 4038 ’Ἄλπεις
984 3964 1090 4029 ἔθνεσιν
1103 3963 1243 4043 ἔτεμνεν
1257 3963 1291 4043 ⁵).

201 4175 229 4241 1)
247 4177 304 4226 vid.
323 4177 435 4227 Batauus
453 4177 490 4227 ΙΙ.
509 4191 534 4240 p.
553 4175 611 4229 239.

201 4267 230 4332 2)
247 4268 305 4318 Vid.
323 4269 402 4319 intra.

200 4358 228 4424 3)
246 4360 284 4411 Cf.
294 4361 446 4426 Procopius,
455 4361 520 4412 Bell.
531 4360 608 4411 Goth.
617 4360 637 4426 1,
646 4361 687 4425 11,
696 4376 721 4426 p.
730 4359 764 4411 69
773 4362 803 4412 D.
813 4377 819 4410 ε
829 4361 951 4426 Γερμανοί,
958 4359 982 4409 οἳ
989 4367 1025 4413 νῦν
1034 4360 1144 4422 Φρθγγνι
1154 4367 1293 4415 καλοῦνται.

202 4453 229 4518 t)
248 4453 320 4504 Socr.
337 4454 405 4518 Hist,
422 4453 491 4505 Eccl.
509 4455 554 4514 111,
571 4454 595 4504 1.

200 4544 228 4610 5)
249 4546 377 4611 Zosimus,
394 4546 438 4611 ΙΙΙ,
456 4545 470 4594 i
489 4561 528 4610 sq.
