3244 5296
834 559 896 622 116

301 745 413 810 Frisiis
448 737 615 828 usquead
639 743 769 809 Chattos
793 746 917 829 ingenti
941 745 1029 808 flexu
1055 742 1175 807 Chauci
1200 743 1430 822 obtenduntur,

303 861 359 942 qni
390 860 456 939 jam
493 859 623 942 longius
658 878 676 921 a
710 857 823 923 Rheno
858 857 993 938 absunt3
1027 861 1099 942 post
1130 859 1188 921 hos
1219 859 1252 919 in
1277 859 1429 920 interiore

301 971 472 1035 Germania
507 968 686 1035 Cheruscos
721 975 752 1034 et
787 972 820 1033 in
857 969 968 1034 eodem
1005 971 1079 1034 sinu
1115 971 1279 1053 proximos
1303 967 1430 1032 Oceano

301 1083 447 1148 Cimbros
470 1085 615 1148 nominat
627 1082 666 1164 1);
691 1102 818 1167 sempor
840 1085 940 1167 igitur
964 1084 1100 1147 ulterius
1121 1081 1263 1147 aRheno
1277 1082 1429 1146 recedens

301 1218 320 1262 a
340 1199 472 1262 meridie
495 1198 535 1261 ad
560 1198 793 1281 septentriones
817 1197 868 1261 vel
888 1217 906 1259 a
926 1195 1198 1280 septentrionibus
1211 1196 1249 1259 ad
1265 1196 1428 1259 meridiem

303 1332 420 1376 novam
445 1312 637 1396 populorum
659 1313 774 1375 seriem
796 1310 889 1376 nobis
902 1312 1052 1376 ostendit.
1066 1311 1209 1396 Longius
1221 1313 1321 1394 igitur
1334 1330 1429 1394 quam

305 1423 541 1508 praecedentes,
577 1444 596 1487 a
630 1422 743 1488 Rheno
774 1422 901 1505 absunt,
933 1425 990 1507 qni
1015 1429 1216 1507 sequuntnr3
1240 1425 1284 1487 ita
1302 1423 1432 1486 finitimi

305 1538 475 1602 orientales
497 1536 698 1601 Cimbrorum
725 1535 1028 1620 Cheruscornmque
1051 1555 1122 1601 esse
1145 1535 1271 1619 debent,
1292 1538 1348 1619 qni
1362 1543 1433 1619 post

305 1670 358 1716 eos
383 1655 676 1714 commemorantur
698 1649 806 1714 Suari.
832 1647 952 1712 Cimbri
976 1651 1045 1714 sive
1069 1656 1155 1714 recte
1179 1652 1247 1714 sive
1260 1651 1380 1732 injuria
1393 1648 1431 1712 ab

304 1763 455 1828 omnibns
491 1763 653 1828 veteribus
688 1762 877 1827 auctoribus
908 1765 940 1825 in
966 1764 1059 1827 litore
1083 1764 1272 1828 occidentali
1298 1762 1431 1827 Cherso-

307 1879 379 1942 nesi
403 1876 581 1941 Cimbricae
603 1882 779 1961 ponuntur,
802 1881 914 1940 contra
933 1877 972 1939 ad
993 1876 1086 1940 Albis
1099 1879 1180 1941 ostia
1192 1898 1210 1940 a
1223 1877 1373 1940 Mtinnnao
1386 1874 1429 1956 2);

307 1990 383 2054 inde
406 2011 424 2053 a
449 1989 639 2054 Chersonesi
660 1989 748 2053 illius
768 1995 857 2073 parte
870 1990 1016 2053 orientali
1030 1991 1194 2054 meridiem
1208 2009 1322 2054 versus
1335 1989 1434 2053 Suevi

307 2103 462 2186 habitant,
494 2123 631 2187 quorum
660 2105 716 2187 qui
740 2105 904 2187 propiores
927 2101 1081 2167 Romanis
1105 2108 1190 2185 sunt,
1213 2106 1232 2166 i.
1246 2123 1271 2168 e.
1296 2123 1392 2187 prope
1416 2123 1435 2166 a

308 2215 459 2281 Danuvio
474 2213 506 2299 ³),
536 2216 770 2298 Hermunduri,
802 2218 848 2280 sic
872 2218 959 2280 hunc
982 2217 1185 2300 potissimum
1210 2217 1316 2280 locum
1342 2236 1434 2280 oecu-

309 2350 402 2414 passe
433 2331 627 2411 indicantur,
656 2329 712 2393 ubi
735 2349 846 2401 reuera
870 2348 925 2394 eos
949 2330 1040 2394 sedes
1063 2350 1140 2394 suas
1164 2329 1315 2395 habuisse
1339 2331 1433 2394 etiarn

307 2444 437 2509 aliunde
456 2441 626 2523 constat⁴t
652 2442 765 2526 ltaque
789 2442 828 2506 ab
852 2442 1094 2507 Hermunduris
1119 2445 1351 2526 septentriones
1364 2463 1434 2506 ver-

309 2578 365 2622 sus
389 2578 494 2642 usque
517 2559 557 2622 ad
581 2555 771 2621 Chersonesi
797 2555 974 2621 Cimbricae
996 2563 1117 2641 partem
1139 2557 1325 2621 orientalem
1339 2558 1435 2620 ceteri

313 2671 421 2754 Suevi,
456 2674 513 2755 qui
546 2671 641 2755 primi
666 2675 906 2751 enumerantur,
931 2670 1107 2753 quaerendi
1131 2675 1215 2734 sunt.
1240 2670 1329 2734 Inter
1353 2689 1434 2753 quos

310 2785 526 2850 Semnonihus
557 2785 740 2864 nominatis,
764 2785 811 2847 sic
834 2785 938 2867 pergit
959 2783 1088 2848 Tacitus
1102 2781 1143 2863 ⁵):
1170 2783 1287 2848 Contra
1311 2783 1435 2865 Loupo·

312 2896 426 2962 bardos
448 2898 593 2978 paucitas
616 2896 779 2960 nobilitat:
797 2895 948 2978 plurimis
967 2917 1004 2960 or
1023 2895 1437 2960 oalmtiseimisuutr‘om'bus
1478 2887 1480 2891 ’

311 3011 403 3075 cincti
424 3030 489 3074 mou
507 3031 568 3094 per
591 3010 766 3096 obsequium
789 3009 843 3072 sed
860 3009 993 3092 proeliis
1011 3031 1048 3073 uc
1066 3009 1274 3090 periclitando
1286 3011 1346 3074 tuti
1356 3017 1438 3072 suut.

312 3124 474 3206 Reudipui
507 3123 616 3188 deiude
647 3127 676 3185 et
705 3122 841 3186 Aviones
864 3127 893 3185 et
916 3121 1030 3206 Aupttt
1051 3127 1080 3186 et
1109 3122 1223 3188 Varini
1245 3128 1274 3186 et
1297 3122 1438 3187 Eudoses

311 3244 340 3302 et
363 3237 546 3303 Suurdouee
568 3243 597 3300 et
621 3236 773 3300 Nuitones
794 3234 978 3314 (luminibus
1000 3242 1055 3299 out
1079 3237 1165 3300 siluis
1188 3239 1437 3301 muuiuuteruec

312 3355 475 3438 quiequam
507 3350 642 3415 notabile
675 3350 709 3412 r'u
732 3349 1067 3434 structuramque
1090 3371 1250 3414 commuue
1273 3351 1439 3432 Nerthum,

311 3466 346 3528 td
378 3471 422 3528 est
457 3465 590 3529 Terram
624 3469 765 3545 matrem,
800 3463 943 3526 cotum..
959 3511 986 3526 ..
1022 3462 1083 3526 Eat
1117 3464 1151 3527 iu
1186 3464 1296 3527 insula
1323 3462 1440 3528 O'oeuru'

313 3583 432 3643 rustum
454 3598 564 3642 neruus
588 3597 613 3642 e.
627 3599 656 3661 q.
670 3598 693 3642 s.
718 3577 788 3655 (ubi
811 3575 953 3640 Nerthus
977 3576 1016 3639 ab
1040 3578 1080 3640 iis
1103 3578 1241 3654 colitur).

357 3692 497 3755 Vannuro
528 3696 658 3754 auctore
683 3690 830 3754 Tiberius
853 3689 960 3754 fractis
985 3689 1204 3774 langobardis
1219 3688 1241 3768 6)
1266 3690 1304 3753 ad
1330 3689 1438 3752 Albim

349 3961 376 4027 i)
394 3961 460 4025 lbid,
477 3975 499 4012 o.
516 3959 626 4011 35-37.

348 4053 374 4118 2)
392 4055 429 4104 1.l.
446 4067 471 4116 p.
489 4050 547 4103 137.
565 4052 602 4101 De
619 4051 733 4102 Cimbris
752 4051 907 4103 conteratur
926 4053 1131 4104 Monusnuusin
1143 4051 1260 4103 editione
1270 4053 1440 4102 Monumenti

317 4145 452 4210 ancyrani
472 4158 497 4207 p.
514 4141 572 4193 105.

349 4236 378 4300 3)
398 4237 512 4298 1bid.,c.
531 4235 571 4285 lt.

349 4327 376 4392 4)
395 4327 453 4378 Vid.
472 4327 592 4389 Batinna,
612 4327 647 4376 l.l.
667 4341 691 4388 p.
710 4323 760 4374 940
778 4341 816 4389 sq.

351 4420 377 4484 5)
397 4419 494 4481 Germ,
512 4432 534 4469 o.
552 4417 592 4467 40.

351 4511 378 4574 6)
397 4511 429 4577 ΙΙ,
446 4509 504 4560 106.
