3240 5304
730 513 771 582 35

181 703 379 768 Murannnns
404 705 578 769 Ptolemaei
598 705 710 787 editor,
729 710 889 768 annotans
902 709 941 784 lt:
962 703 1135 784 ,Chamavi
1156 703 1312 769 al'uban·

181 817 273 881 tibus
308 818 395 901 pulsi
417 819 457 897 lh.
479 836 504 881 e.
529 837 571 882 ex
595 819 679 900 agris
703 819 825 899 vacuis,
849 816 1031 900 dequibus
1055 836 1153 901 supra
1175 819 1312 901 egimus)

179 931 218 992 in
254 949 323 994 eam
358 932 518 1014 regionem
552 949 587 994 se
616 931 775 1013 recepisse
797 930 955 1009 videntur,
981 948 1064 1014 quae
1087 949 1107 992 a
1131 929 1312 994 Ptolemaeo

180 1045 226 1107 iis
249 1045 433 1128 assignatur
454 1044 538 1108 infra
562 1043 764 1109 Bructeros”.
792 1042 900 1124 ,inira
923 1041 1119 1108 Bructeros”
1144 1061 1220 1108 vero
1245 1062 1308 1106 non

182 1155 357 1222 Chamavis
388 1160 475 1241 regio
506 1159 691 1242 assignatur
721 1159 776 1222 sed
802 1156 966 1236 Chaemis;
991 1158 1048 1222 sed
1072 1159 1197 1222 etiamsi
1221 1157 1313 1222 sedes

180 1272 259 1336 illae
279 1293 377 1356 prope
401 1271 594 1336 Meliboeam
607 1274 686 1355 ipsis
699 1270 870 1335 Chamavis
882 1271 962 1334 falso
975 1272 1191 1354 assignantur,
1205 1279 1312 1336 tamen

181 1404 220 1449 se
244 1387 402 1468 recepisse
426 1383 605 1447 Chamavos
628 1387 662 1447 in
687 1391 804 1448 terram
829 1403 921 1467 quae,
946 1382 1156 1448 Chaemarum
1183 1384 1311 1466 dicitur,

184 1499 296 1562 minus
315 1498 479 1581 propabile
499 1498 592 1579 duco,
606 1500 682 1581 quia
694 1505 805 1581 postea
816 1517 931 1561 rursus
944 1497 1029 1581 apud
1041 1499 1147 1581 ipsum
1161 1495 1310 1562 Rhenum

182 1613 369 1676 inferiorem
405 1619 567 1695 apparent,
602 1611 658 1674 ubi
693 1613 725 1674 in
762 1611 871 1675 tabula
903 1611 1153 1695 Peutingeriana
1183 1629 1313 1694 quoque

183 1728 415 1790 inveniuntur:
452 1745 534 1808 quae
568 1728 676 1788 omnia
711 1728 831 1789 rectius
867 1726 1077 1809 explicantur,
1101 1725 1185 1789 siin
1208 1723 1313 1789 Rheni

184 1841 393 1923 proximitate
426 1841 619 1902 remansisse
654 1858 708 1904 eos
740 1859 916 1902 sumamus.
940 1838 1099 1923 Equidem
1125 1844 1161 1903 nt
1183 1839 1217 1902 in
1241 1838 1313 1902 aliis

184 1953 284 2016 rebus
319 1954 365 2016 sic
399 1954 449 2015 hic
480 1971 611 2036 quoque
634 1952 722 2015 fonte
746 1954 928 2035 antiquiore
954 1972 1048 2016 usum
1073 1971 1143 2018 esse
1167 1952 1313 2037 suspicor

185 2067 425 2130 Ptolemaeum:
451 2067 614 2149 regionem
639 2066 726 2129 illam
753 2065 986 2130 Chamavorum
1013 2086 1077 2130 non
1098 2086 1169 2131 asse
1188 2073 1314 2149 terram,

185 2182 219 2243 in
246 2200 344 2265 quam
369 2200 404 2244 se
427 2182 607 2263 receperint
632 2199 673 2242 ex
697 2182 783 2264 agris
808 2182 919 2243 vacuis
943 2181 1039 2265 pulsi,
1051 2181 1107 2245 sed
1121 2181 1206 2246 unde
1218 2199 1313 2246 vene·

185 2295 253 2356 rint
288 2294 326 2356 ad
362 2313 456 2376 agros
486 2294 576 2373 illos-3
610 2294 794 2377 quodcum
818 2293 934 2359 fecisse
958 2297 1245 2359 eosinterannos
1270 2295 1311 2357 55

186 2413 219 2472 ot
248 2411 285 2470 12
310 2428 336 2471 a.
362 2407 394 2470 0.
419 2428 448 2470 n.
473 2427 572 2491 supra
596 2408 746 2487 vidimus,
768 2427 785 2472 a
808 2407 897 2472 fonte
917 2408 1056 2492 quadam
1069 2427 1177 2473 rernm
1193 2414 1312 2473 statum

188 2521 398 2602 describente,
423 2523 478 2604 qui
500 2521 563 2584 fuit
586 2523 670 2585 inter
689 2520 856 2586 Caesarem
877 2526 909 2586 et
929 2523 1058 2586 initium
1072 2527 1314 2605 aeraenostrae,

187 2634 460 2718 quemodmodum
485 2635 557 2698 aliis
583 2654 664 2719 qnos
688 2637 894 2699 tractavimus
907 2635 987 2699 locis
1000 2637 1047 2699 sic
1060 2641 1169 2700 nostro
1182 2654 1313 2719 qnoque

187 2749 335 2812 hausisse
369 2768 427 2812 sua
462 2755 540 2832 puto
563 2748 792 2812 Ptolemaeum.
817 2747 865 2822 De
888 2748 1035 2814 Chaemis
1060 2750 1139 2832 quid
1163 2755 1312 2833 statuam,

188 2864 314 2938 nesci03
339 2865 366 2926 si
390 2863 476 2926 idem
499 2881 536 2927 aa
560 2847 723 2944 Chamavi,
747 2863 825 2946 quin
839 2864 1311 2946 reveraaliquotemporeeam

188 2977 403 3040 habitaverint
437 2978 608 3060 regionem,
644 2996 707 3039 non
733 2987 782 3039 est
805 2997 863 3040 cur
887 2976 1089 3056 dubitemus3
1115 2996 1179 3060 quo
1203 2980 1310 3040 antem

186 3091 221 3153 id
255 3089 353 3152 fuerit
374 3096 526 3173 tempore,
550 3090 654 3154 dicere
679 3109 743 3152 non
767 3110 959 3174 possumus:
985 3109 1058 3153 nam
1083 3091 1114 3154 et
1138 3096 1310 3174 antequam

188 3206 223 3267 in
247 3223 341 3286 agros
365 3223 485 3267 vacuos
511 3205 656 3267 venerint
678 3203 877 3286 aliquamdiu
902 3204 969 3266 illic
994 3204 1115 3267 sedisse
1138 3207 1313 3286 potuerunt

188 3321 221 3381 et
251 3322 322 3401 post
347 3316 518 3380 Bructeros
541 3323 671 3380 exactos
695 3317 735 3380 ad
761 3316 926 3380 meridiem
951 3315 1033 3380 fines
1057 3316 1257 3396 extendisse,
1285 3318 1312 3380 si

188 3432 250 3494 hoc
285 3449 407 3511 verum,
438 3431 533 3494 simul
563 3430 652 3494 fonte
675 3439 746 3514 post
770 3451 891 3506 annum
917 3433 958 3494 98
983 3432 1100 3515 scripto
1124 3450 1205 3495 usus
1229 3436 1313 3495 esset

189 3544 401 3608 Ptolemaeus.

235 3657 329 3735 Quod
352 3659 390 3722 ad
415 3657 632 3723 Ptolemaeum
657 3661 757 3743 igitur
775 3661 897 3741 attinet,
917 3659 1031 3744 partim
1049 3678 1122 3723 eum
1137 3678 1314 3744 congruere

189 3793 264 3836 curu
298 3775 348 3855 iis,
379 3792 462 3855 quae
486 3773 760 3856 exscriptoribus
784 3773 945 3856 prioribus
969 3773 1165 3857 collegimus,
1188 3775 1314 3856 partim,

189 3887 247 3951 ubi
278 3906 343 3950 non
378 3893 543 3970 congruat,
579 3886 753 3949 verisimile
777 3904 857 3968 esse,
881 3891 918 3949 ut
941 3905 1024 3969 qnae
1049 3887 1162 3951 habeat
1185 3905 1203 3950 e
1225 3886 1313 3951 fonte

190 4002 372 4085 antiquiore
415 4002 625 4080 manaverint,
667 4005 808 4064 statuere
840 4001 1013 4083 potuimus.
1044 3998 1174 4084 Reliqui
1208 4001 1313 4066 fontes

189 4115 393 4197 geographici
427 4134 446 4177 a
480 4112 587 4177 ansro
622 4113 708 4194 editi,
732 4114 815 4176 inter
838 4114 895 4177 has
920 4112 1124 4177 itinerarium
1148 4114 1313 4197 Aurorvrru,

195 4329 334 4338 *—

229 4479 258 4546 1)
275 4481 306 4530 ln
326 4481 443 4532 editione
461 4481 481 4545 1,
499 4481 524 4549 l,
541 4497 566 4546 p.
584 4481 641 4534 260.
