3244 5296
809 545 872 608 118

277 736 427 812 πονοομοῢ,
463 729 515 796 aad
551 731 585 796 τὸ
619 735 675 796 τῶν
709 727 835 808 Σνῆβων
866 732 922 794 τῶν
952 727 1113 806 Σεμνόνονν,
1138 724 1243 800 οἵτινες
1267 727 1399 802 διήκουσι

277 844 359 924 μετὰ
381 845 431 911 τὸν
454 843 571 922 ’Ἄλβον
593 844 656 908 cieri
680 847 732 908 νοῦ
757 841 905 923 εἰρημένου
928 841 1030 921 μέρους
1052 842 1123 922 πρὸς
1141 839 1294 913 descendes
1307 840 1401 921 μέχρι

277 963 328 1025 τοῦ
352 958 473 1038 Σνήβον
498 961 637 1036 πονοιμοῦ
653 1008 658 1020 .
674 1006 681 1019 .
698 1008 703 1022 .
720 1008 727 1022 .
749 955 924 1021 Ἐλοὶοσονον
939 956 970 1020 δὲ
983 954 1045 1029 ἔθνη
1060 953 1180 1033 μεταξὺ
1194 961 1309 1020 asiarco
1324 1004 1331 1018 .
1347 1003 1353 1017 .
1370 1007 1377 1020 .
1393 1006 1400 1020 .

277 1072 409 1154 Κοούχονν
449 1075 506 1136 τῶν
548 1069 686 1151 μειζόνων
729 1071 780 1134 axi
824 1074 881 1134 τῶν
915 1070 1042 1148 Σνήβων
1077 1069 1300 1150 ’Λνγρνονοὶρνοο
1335 1064 1402 1133 εἶτον

277 1183 488 1267 Αοοκκοβοέρδον
503 1227 600 1250 .....
623 1185 798 1266 Φοροδεννῶν
841 1209 876 1249 τε
917 1183 969 1248 acl
1006 1181 1132 1261 Σνήβον
1167 1181 1313 1255 Τεύτονες
1349 1181 1401 1246 acri

277 1299 425 1381 Λῦοορπον.

322 1413 418 1478 Oram
454 1415 643 1478 maritimam
681 1415 828 1497 sequitur
863 1412 1066 1478 Ptolemaeus
1102 1411 1221 1476 Frisios
1257 1409 1402 1474 Cauchos

277 1527 422 1592 Saxones
457 1528 638 1608 nominans,
669 1528 792 1609 hosque
816 1524 869 1588 ἐπὶ
893 1524 941 1588 τὸν
965 1523 1083 1603 mixtae
1104 1523 1283 1588 Cimbricae
1307 1521 1401 1588 Cher-

278 1642 384 1705 sonesi
414 1638 557 1704 habitare
590 1645 762 1724 postquam
798 1640 890 1721 dixit,
925 1640 1028 1723 ipsius
1064 1637 1255 1702 Chersonesi
1289 1645 1401 1722 gentes

278 1757 454 1835 enumerat,
478 1754 617 1836 primum
641 1752 809 1816 inferiores
831 1755 862 1832 ti.
875 1770 901 1816 e.
926 1753 1028 1835 magis
1052 1752 1091 1814 ad
1105 1751 1269 1815 meridiem
1283 1754 1402 1830 versas)

279 1885 544 1947 commemorans,
568 1866 683 1929 deinde
707 1884 770 1947 eas,
794 1883 877 1948 quae
901 1866 1003 1949 magis
1015 1865 1054 1927 ad
1068 1865 1301 1947 septentriones
1314 1863 1400 1926 habi·

279 1985 356 2061 tant,
380 1983 535 2062 utrasque
560 1979 736 2063 procedens
760 1977 799 2042 ab
823 1997 940 2042 occasu
964 1979 1002 2042 ad
1024 1976 1139 2042 ortum.
1154 1978 1245 2042 Ultra
1257 1977 1402 2042 Saxones

279 2097 571 2156 commemorantur
595 2091 634 2154 ab
659 2111 774 2156 occasu
799 2091 980 2176 sigolenae,
1004 2093 1100 2155 medii
1124 2091 1308 2174 Sabalingii,
1331 2097 1403 2175 post

280 2205 439 2287 Cobandi3
489 2208 598 2290 itaque
632 2207 746 2270 horum
783 2205 874 2270 sedes
910 2213 985 2270 sunt
1019 2207 1053 2268 in
1090 2204 1279 2270 Chersonesi
1313 2211 1403 2289 parte

279 2320 434 2402 orientali,
456 2321 475 2384 i.
489 2339 514 2384 e.
539 2320 579 2383 ad
604 2339 690 2384 mare
711 2318 882 2383 Baltieum.
906 2319 999 2383 Ultra
1019 2317 1402 2403 SigulonesSabalingios

280 2431 448 2497 Cobandos
484 2434 540 2496 uni
575 2431 664 2495 Chali
698 2434 916 2513 nominantur,
947 2431 986 2494 ab
1011 2450 1127 2495 occasu
1152 2431 1319 2494 adortum
1346 2450 1403 2515 per

279 2552 376 2611 totam
414 2544 648 2612 Chersonesum
684 2547 784 2638 igitur
818 2547 975 2628 sedentes
999 2547 1082 2610 ultra
1105 2547 1164 2609 hos
1186 2546 1228 2610 ad
1252 2564 1400 2609 occasum

280 2660 474 2742 Phundusii,
505 2661 544 2723 ad
577 2668 681 2724 ortum
708 2660 888 2739 Charudes3
913 2659 1031 2724 Oceani
1056 2662 1156 2744 igitur
1178 2661 1269 2724 littus
1293 2666 1403 2723 tenent

280 2773 426 2839 Saxones
462 2773 633 2858 Sigulones
665 2773 754 2837 Cheli
779 2774 974 2856 Phundusii,
999 2776 1096 2838 maris
1119 2774 1236 2838 Baltici
1261 2772 1402 2836 Cobandi

281 2887 369 2951 Cheli
394 2887 566 2952 Charndes.
592 2887 783 2953 Chersonesi
806 2889 933 2972 populis
957 2890 1123 2952 recensitis
1147 2889 1184 2951 ad
1207 2907 1293 2950 oram
1309 2889 1403 2950 mari·

279 3003 388 3065 timam
424 3001 633 3085 Saxonesque
668 3003 750 3066 redit
784 3007 905 3083 auctor,
939 3021 1120 3085 rursusque
1155 3002 1232 3065 litus
1256 3003 1403 3084 sequitur

281 3133 368 3178 nune
400 3117 496 3178 maris
519 3114 644 3197 Balliei,
667 3115 866 3180 Pharodinos
891 3117 1035 3200 aliosque
1058 3135 1267 3194 enumerans;
1294 3123 1401 3178 utrum

280 3247 356 3292 vero
380 3228 420 3291 ad
444 3248 530 3293 mare
553 3227 713 3292 Balticum
736 3231 880 3312 ipsorum
906 3229 1072 3293 Saxonum
1098 3230 1300 3313 pervenerint
1323 3227 1403 3292 fines

280 3361 390 3425 neone,
425 3362 489 3405 non
525 3343 634 3426 liquet,
659 3364 681 3407 s.
704 3364 731 3405 v.
752 3363 779 3406 a.
805 3351 913 3406 utrum
938 3345 971 3406 in
998 3363 1052 3406 ora
1077 3344 1236 3407 maritima
1260 3341 1403 3406 Cobandi

281 3456 425 3520 Saxones
460 3455 634 3520 Pharodini
670 3458 729 3520 hoc
753 3458 865 3521 ordine
890 3459 991 3521 secuti
1016 3459 1089 3537 sint,
1113 3477 1152 3520 an
1178 3456 1401 3521 Cobandorum

280 3563 409 3634 finitimi
432 3570 552 3634 luerint
572 3570 757 3651 Pharodini,
769 3572 942 3653 nescimus,
955 3573 1103 3655 quamvis
1114 3571 1196 3634 illud
1210 3589 1320 3634 verum
1334 3589 1403 3634 esse

281 3702 298 3747 e
328 3688 393 3746 toto
425 3683 494 3746 loco
518 3685 676 3765 conjicere
699 3683 787 3748 velis.
811 3684 863 3747 Ad
886 3690 999 3768 gentes
1022 3685 1108 3767 quod
1133 3686 1246 3748 attinet
1266 3685 1401 3748 mediam

281 3802 396 3860 terram
433 3795 620 3874 habitantes,
658 3798 769 3861 harum
805 3797 929 3862 Suevos
954 3797 1181 3881 Langobardos
1205 3816 1275 3861 esse
1298 3795 1402 3861 Rheni

280 3911 404 3974 accolas
429 3910 593 3974 meridiem
609 3929 721 3976 versus
734 3932 752 3974 a
765 3910 951 3994 Sygambris
964 3920 994 3976 et
1005 3911 1168 3976 Tencteris
1181 3911 1402 3975 Ptolemaeum

281 4025 453 4088 credidisse
477 4044 575 4107 supra
590 4025 656 4106 jam
671 4025 811 4089 vidimus
825 4023 856 4106 ¹),
870 4025 925 4088 ubi
938 4028 1031 4089 etiarn
1045 4025 1126 4089 fonti
1139 4027 1311 4108 antiquiori
1325 4024 1402 4089 Sue-

282 4157 338 4202 vos
350 4137 521 4202 Rhenanus
534 4137 642 4202 deberi
655 4141 809 4222 suspicati
822 4159 952 4218 sumus,
963 4141 1021 4202 cnr
1034 4159 1108 4203 vero
1121 4138 1400 4221 Langobardorum

280 4271 398 4316 nornen
434 4254 520 4316 hisce
552 4252 667 4318 Suavis
698 4254 879 4318 attribuerit
903 4260 1020 4336 noster,
1044 4253 1212 4318 Beuunaus
1237 4255 1401 4336 ingeniose

285 4409 428 4417 ——a—

250 4515 252 4519 v
314 4498 490 4564 l)11,11‚o.
