3244 5296
832 537 873 600 98

293 728 404 789 contra
444 721 583 788 Francos
624 742 769 806 pugnare
812 724 978 802 videmus3
1015 723 1237 787 Valentiniani
1274 725 1418 788 exercitu

290 837 488 902 llhancorum
522 836 603 901 fines
638 841 796 919 vastante,
827 839 861 901 in
882 838 951 921 ipsa
975 838 1049 901 aule
1076 857 1173 919 „cura
1197 840 1243 904 rei
1269 838 1418 901 militaris

290 950 424 1016 Francis
448 949 641 1015 satellitibus
665 949 881 1014 tradebatur.”

334 1063 484 1128 Exeunte
525 1062 653 1128 saeculo
698 1070 822 1147 quarto,
865 1083 951 1126 anno
988 1065 1065 1144 395,
1099 1062 1268 1128 Stilichoni
1302 1082 1418 1126 rursus

293 1177 511 1242 necessarium
535 1182 604 1240 erat
625 1175 775 1241 Rhenum
799 1177 888 1241 adire
912 1183 1090 1262 gentesque
1114 1178 1273 1241 rhenanus
1285 1194 1417 1259 pacare;

289 1291 329 1356 de
352 1291 411 1354 hac
434 1308 469 1355 re
491 1290 617 1353 nullum
643 1290 732 1353 aliud
756 1295 863 1354 exstat
884 1292 1104 1354 testimonium
1119 1293 1182 1355 nisi
1195 1297 1307 1373 poetae
1320 1287 1419 1351 Onnu-

289 1423 384 1486 omui,
419 1405 474 1467 cui
508 1404 536 1467 si
571 1421 659 1467 more
695 1405 819 1488 poetico
855 1405 964 1468 omnia
989 1407 1116 1467 ornavit
1140 1404 1421 1487 exaggeravitque‚

292 1535 482 1582 succensere
505 1535 570 1579 non
595 1535 776 1601 possumus.
800 1516 905 1581 Rheni
929 1518 1085 1601 triumphi
1102 1519 1121 1594 ¹)
1142 1517 1326 1581 Stilichonis
1339 1515 1419 1578 cele·

293 1629 438 1712 brautur,
473 1634 543 1694 tuta
578 1629 740 1694 imbellem
778 1632 914 1695 miratur
949 1630 1053 1694 Gallia
1088 1629 1238 1694 Rhenum
1253 1631 1285 1709 Ι),
1315 1628 1420 1691 Rheni

291 1748 421 1827 pacator
444 1749 492 1807 est
516 1742 695 1824 scilinien,
720 1749 865 1809 catenato
889 1745 989 1826 gemit
1013 1743 1185 1808 Germania
1207 1742 1319 1806 Rheno
1333 1740 1364 1820 Ι).
1379 1740 1421 1803 Et

292 1863 404 1940 gentes
426 1875 566 1939 quoque,
587 1855 781 1939 quibuscum
806 1876 858 1922 res
881 1857 945 1922 luit
967 1857 1146 1939 stilichoni,
1168 1860 1418 1921 enumerantur:

296 2042 374 2108 Cum
399 2042 568 2108 Stilichone
588 2063 684 2127 ρεπεν
701 2065 813 2128 pacem
837 2045 1079 2124 implorantibus
1102 2045 1184 2109 ultre

295 2157 465 2222 (immanis
487 2177 639 2237 responsa
661 2158 766 2238 dabat,
791 2159 931 2244 leuesque
956 2156 1070 2222 Caucis
1093 2159 1123 2235 (l.
1147 2179 1176 2221 a.
1204 2156 1375 2233 Cheruscis)

294 2270 428 2334 Arduus
453 2277 481 2334 et
502 2269 595 2348 honis
617 2271 763 2355 siquahut
784 2272 862 2352 iura
885 2270 1074 2336 Suebis...

294 2383 414 2447 Militat
436 2389 471 2447 ut
492 2385 610 2448 nastris
632 2384 760 2448 detensa
785 2383 966 2466 sicambria
988 2382 1134 2467 sienis5).

342 2571 383 2634 Et
406 2571 498 2635 alibi:

296 2759 397 2825 Hunc
421 2763 472 2840 (sc.
496 2757 706 2837 Stilichonem)
730 2758 879 2823 Rhenum
899 2779 1016 2839 pacare
1036 2758 1134 2840 jubes.
1154 2757 1244 2821 Vetat
1255 2756 1308 2820 ille
1319 2756 1423 2819 citatis

303 2873 415 2939 Vectus
437 2873 544 2956 cquis.
627 2871 740 2935 Totum
760 2892 935 2956 properare
956 2892 1014 2952 per
1037 2890 1159 2935 amnem

298 2987 457 3051 Attonitos
479 2986 589 3049 humili
612 3006 697 3067 reyes
718 2987 832 3050 ceruice
854 2986 980 3050 videres.

298 3100 382 3164 Ante
404 3099 511 3163 ducem
533 3104 676 3163 nostrum
698 3097 815 3176 flauam
838 3119 983 3178 sparsere
1008 3097 1164 3181 Sicambri

300 3213 477 3279 ansariem
494 3212 671 3297 pauidaque
693 3218 819 3276 mantes
842 3232 1001 3276 murmure
1025 3211 1151 3275 Franci

296 3325 497 3390 Procubuerc
518 3324 589 3389 sole.
613 3323 755 3389 Juratur
779 3325 945 3389 Honorius
967 3325 1087 3404 ahserm,

297 3440 510 3527 Imploratque
533 3445 623 3503 tuum
644 3439 777 3519 supplem
800 3439 991 3504 Alamannia
1014 3460 1133 3504 nomen.

298 3553 482 3617 Bastarnae
503 3571 613 3616 venere
636 3557 747 3634 truces,
772 3556 857 3616 uenit
879 3552 983 3618 accola
1006 3552 1103 3617 sinae

299 3665 476 3729 Bructerus
500 3664 681 3750 Hercyniae
705 3642 839 3752 latisque
859 3665 1031 3749 paludibus
1054 3667 1117 3730 enit

302 3777 423 3844 Oirnber
444 3785 473 3842 et
497 3779 637 3861 inuentos
661 3778 767 3843 Albim
791 3780 907 3864 liquere
932 3778 1080 3845 Cherusci
1093 3778 1127 3862 6).

301 3933 445 3942 -—-—-

334 4025 361 4088 l)
382 4025 418 4074 De
436 4024 574 4088 chlamyde
592 4028 618 4073 et
638 4025 721 4073 irenis
739 4024 804 4088 (72),
822 4025 863 4074 13.

335 4113 363 4179 a)
383 4116 419 4164 oe
435 4115 507 4164 laun.
526 4114 630 4179 sunm,
648 4115 666 4177 l,
684 4113 723 4164 ao.

333 4205 363 4268 3)
380 4207 417 4255 De
435 4220 507 4256 cons.
526 4204 630 4267 Stilich,
648 4206 692 4268 ΙΙΙ,
710 4204 750 4256 13.

334 4297 362 4364 4)
381 4297 445 4347 lbid.
462 4295 503 4347 25.

335 4389 362 4451 5)
382 4390 411 4437 ln
429 4389 598 4452 Eutropium,
616 4388 636 4450 l,
656 4386 797 4438 378-383.

339 4478 367 4543 6>
385 4479 423 4528 Dc
441 4484 537 4541 quarto
555 4480 657 4529 consul.
677 4479 795 4544 Honorii,
812 4478 954 4531 llll-452.
