<?xml version="1.0" encoding="UTF-8"?>
<!DOCTYPE html PUBLIC "-//W3C//DTD XHTML 1.0 Transitional//EN"
    "http://www.w3.org/TR/xhtml1/DTD/xhtml1-transitional.dtd">
<html xmlns="http://www.w3.org/1999/xhtml" xml:lang="en" lang="en">
 <head>
  <title>
</title>
<meta http-equiv="Content-Type" content="text/html;charset=utf-8" />
  <meta name='ocr-system' content='tesseract 3.04.00' />
  <meta name='ocr-capabilities' content='ocr_page ocr_carea ocr_par ocr_line ocrx_word'/>
</head>
<body>
  <div class='ocr_page' id='page_1' title='image "./depopulisgerman00kromgoog_0162.png"; bbox 0 0 3244 5296; ppageno 0'>
   <div class='ocr_carea' id='block_1_1' title="bbox 719 496 781 558">
    <p class='ocr_par' dir='ltr' id='par_1_1' title="bbox 719 496 781 558">
     <span class='ocr_line' id='line_1_1' title="bbox 719 496 781 558; baseline 0 0"><span class='ocrx_word' id='word_1_1' title='bbox 719 496 781 558; x_wconf 80' lang='lat'><strong>141</strong></span> 
     </span>
    </p>
   </div>
   <div class='ocr_carea' id='block_1_2' title="bbox 182 681 1410 4506">
    <p class='ocr_par' dir='ltr' id='par_1_2' title="bbox 182 681 1317 2924">
     <span class='ocr_line' id='line_1_2' title="bbox 186 681 1312 766; baseline -0.004 -19"><span class='ocrx_word' id='word_1_2' title='bbox 186 686 402 748; x_wconf 79' lang='lat' dir='ltr'><strong>narrationem</strong></span> <span class='ocrx_word' id='word_1_3' title='bbox 440 684 573 765; x_wconf 88' lang='lat' dir='ltr'><strong>audivit,</strong></span> <span class='ocrx_word' id='word_1_4' title='bbox 596 684 726 750; x_wconf 92' lang='lat' dir='ltr'><strong>nonnisi</strong></span> <span class='ocrx_word' id='word_1_5' title='bbox 751 682 1159 766; x_wconf 75' lang='lat' dir='ltr'><strong>dehnglisloquebatu13</strong></span> <span class='ocrx_word' id='word_1_6' title='bbox 1185 685 1253 744; x_wconf 90' lang='lat' dir='ltr'><strong>tum</strong></span> <span class='ocrx_word' id='word_1_7' title='bbox 1278 681 1312 742; x_wconf 91' lang='lat' dir='ltr'><strong>in</strong></span> 
     </span>
     <span class='ocr_line' id='line_1_3' title="bbox 183 794 1312 882; baseline -0.003 -23"><span class='ocrx_word' id='word_1_8' title='bbox 183 798 345 882; x_wconf 80' lang='lat' dir='ltr'>legatione</span> <span class='ocrx_word' id='word_1_9' title='bbox 378 797 418 860; x_wconf 87' lang='lat' dir='ltr'><strong>ad</strong></span> <span class='ocrx_word' id='word_1_10' title='bbox 456 796 677 861; x_wconf 88' lang='lat' dir='ltr'><strong>Justinianum</strong></span> <span class='ocrx_word' id='word_1_11' title='bbox 712 798 842 860; x_wconf 89' lang='lat' dir='ltr'><strong>nonnisi</strong></span> <span class='ocrx_word' id='word_1_12' title='bbox 877 797 976 880; x_wconf 81' lang='lat' dir='ltr'>Angli</span> <span class='ocrx_word' id='word_1_13' title='bbox 1011 797 1161 860; x_wconf 85' lang='lat' dir='ltr'><strong>aderant:</strong></span> <span class='ocrx_word' id='word_1_14' title='bbox 1186 794 1312 876; x_wconf 84' lang='lat' dir='ltr'><strong>Anglos</strong></span> 
     </span>
     <span class='ocr_line' id='line_1_4' title="bbox 182 906 1312 994; baseline -0.003 -22"><span class='ocrx_word' id='word_1_15' title='bbox 182 911 283 994; x_wconf 90' lang='lat' dir='ltr'><strong>igitur</strong></span> <span class='ocrx_word' id='word_1_16' title='bbox 319 909 518 974; x_wconf 81' lang='lat' dir='ltr'><strong>Britanniam</strong></span> <span class='ocrx_word' id='word_1_17' title='bbox 544 929 717 993; x_wconf 80' lang='lat' dir='ltr'><strong>occupasse</strong></span> <span class='ocrx_word' id='word_1_18' title='bbox 740 916 883 991; x_wconf 87' lang='lat' dir='ltr'><strong>noverat,</strong></span> <span class='ocrx_word' id='word_1_19' title='bbox 906 909 1051 975; x_wconf 80' lang='lat' dir='ltr'><strong>Saxones</strong></span> <span class='ocrx_word' id='word_1_20' title='bbox 1071 927 1177 993; x_wconf 92' lang='lat' dir='ltr'><strong>neque</strong></span> <span class='ocrx_word' id='word_1_21' title='bbox 1201 906 1241 971; x_wconf 84' lang='lat' dir='ltr'><strong>ab</strong></span> <span class='ocrx_word' id='word_1_22' title='bbox 1264 925 1312 987; x_wconf 90' lang='lat' dir='ltr'><strong>eo,</strong></span> 
     </span>
     <span class='ocr_line' id='line_1_5' title="bbox 184 1022 1313 1106; baseline -0.004 -20"><span class='ocrx_word' id='word_1_23' title='bbox 184 1024 273 1087; x_wconf 93' lang='lat' dir='ltr'><strong>unde</strong></span> <span class='ocrx_word' id='word_1_24' title='bbox 308 1023 502 1087; x_wconf 86' lang='lat' dir='ltr'><strong>Varinorum</strong></span> <span class='ocrx_word' id='word_1_25' title='bbox 540 1043 634 1087; x_wconf 91' lang='lat' dir='ltr'><strong>casus</strong></span> <span class='ocrx_word' id='word_1_26' title='bbox 669 1024 790 1106; x_wconf 88' lang='lat' dir='ltr'><strong>accepit</strong></span> <span class='ocrx_word' id='word_1_27' title='bbox 813 1041 920 1106; x_wconf 90' lang='lat' dir='ltr'><strong>neque</strong></span> <span class='ocrx_word' id='word_1_28' title='bbox 940 1043 959 1086; x_wconf 85' lang='lat' dir='ltr'><strong>a</strong></span> <span class='ocrx_word' id='word_1_29' title='bbox 981 1022 1095 1106; x_wconf 90' lang='lat' dir='ltr'><strong>legatis</strong></span> <span class='ocrx_word' id='word_1_30' title='bbox 1119 1039 1313 1084; x_wconf 89' lang='lat' dir='ltr'><strong>commemo·</strong></span> 
     </span>
     <span class='ocr_line' id='line_1_6' title="bbox 184 1133 1313 1220; baseline -0.005 -19"><span class='ocrx_word' id='word_1_31' title='bbox 184 1137 342 1201; x_wconf 82' lang='lat' dir='ltr'><strong>rebantur</strong></span> <span class='ocrx_word' id='word_1_32' title='bbox 376 1143 406 1201; x_wconf 90' lang='lat' dir='ltr'><strong>et</strong></span> <span class='ocrx_word' id='word_1_33' title='bbox 445 1137 503 1200; x_wconf 89' lang='lat' dir='ltr'><strong>hac</strong></span> <span class='ocrx_word' id='word_1_34' title='bbox 539 1136 578 1201; x_wconf 92' lang='lat' dir='ltr'><strong>de</strong></span> <span class='ocrx_word' id='word_1_35' title='bbox 612 1155 709 1201; x_wconf 85' lang='lat' dir='ltr'><strong>causa</strong></span> <span class='ocrx_word' id='word_1_36' title='bbox 738 1155 858 1200; x_wconf 89' lang='lat' dir='ltr'><strong>nomen</strong></span> <span class='ocrx_word' id='word_1_37' title='bbox 882 1155 993 1220; x_wconf 90' lang='lat' dir='ltr'><strong>eorum</strong></span> <span class='ocrx_word' id='word_1_38' title='bbox 1019 1136 1047 1199; x_wconf 91' lang='lat' dir='ltr'><strong>ei</strong></span> <span class='ocrx_word' id='word_1_39' title='bbox 1073 1153 1138 1198; x_wconf 93' lang='lat' dir='ltr'><strong>non</strong></span> <span class='ocrx_word' id='word_1_40' title='bbox 1161 1133 1313 1196; x_wconf 89' lang='lat' dir='ltr'><strong>innotuit.</strong></span> 
     </span>
     <span class='ocr_line' id='line_1_7' title="bbox 183 1247 1313 1332; baseline -0.002 -20"><span class='ocrx_word' id='word_1_41' title='bbox 183 1249 268 1313; x_wconf 90' lang='lat' dir='ltr'><strong>Nam</strong></span> <span class='ocrx_word' id='word_1_42' title='bbox 303 1250 392 1312; x_wconf 93' lang='lat' dir='ltr'><strong>nullo</strong></span> <span class='ocrx_word' id='word_1_43' title='bbox 429 1250 522 1313; x_wconf 93' lang='lat' dir='ltr'><strong>modo</strong></span> <span class='ocrx_word' id='word_1_44' title='bbox 558 1249 789 1314; x_wconf 83' lang='lat' dir='ltr'><strong>obliviscamur</strong></span> <span class='ocrx_word' id='word_1_45' title='bbox 824 1249 1029 1332; x_wconf 85' lang='lat' dir='ltr'><strong>Procopium,</strong></span> <span class='ocrx_word' id='word_1_46' title='bbox 1053 1266 1136 1332; x_wconf 85' lang='lat' dir='ltr'><strong>quae</strong></span> <span class='ocrx_word' id='word_1_47' title='bbox 1160 1247 1199 1311; x_wconf 93' lang='lat' dir='ltr'><strong>de</strong></span> <span class='ocrx_word' id='word_1_48' title='bbox 1224 1247 1313 1310; x_wconf 90' lang='lat' dir='ltr'><strong>hisce</strong></span> 
     </span>
     <span class='ocr_line' id='line_1_8' title="bbox 183 1360 1309 1448; baseline -0.004 -21"><span class='ocrx_word' id='word_1_49' title='bbox 183 1364 372 1448; x_wconf 90' lang='lat' dir='ltr'><strong>regionibus</strong></span> <span class='ocrx_word' id='word_1_50' title='bbox 394 1364 553 1448; x_wconf 90' lang='lat' dir='ltr'><strong>praebeat,</strong></span> <span class='ocrx_word' id='word_1_51' title='bbox 578 1366 707 1429; x_wconf 91' lang='lat' dir='ltr'><strong>nonnisi</strong></span> <span class='ocrx_word' id='word_1_52' title='bbox 731 1383 786 1447; x_wconf 89' lang='lat' dir='ltr'><strong>per</strong></span> <span class='ocrx_word' id='word_1_53' title='bbox 811 1364 941 1428; x_wconf 85' lang='lat' dir='ltr'><strong>notitias</strong></span> <span class='ocrx_word' id='word_1_54' title='bbox 964 1363 1195 1427; x_wconf 87' lang='lat' dir='ltr'><strong>incertissimas</strong></span> <span class='ocrx_word' id='word_1_55' title='bbox 1218 1360 1309 1424; x_wconf 92' lang='lat' dir='ltr'><strong>audi-</strong></span> 
     </span>
     <span class='ocr_line' id='line_1_9' title="bbox 185 1474 1314 1562; baseline -0.003 -23"><span class='ocrx_word' id='word_1_56' title='bbox 185 1481 282 1558; x_wconf 87' lang='lat' dir='ltr'><strong>visse,</strong></span> <span class='ocrx_word' id='word_1_57' title='bbox 314 1478 400 1561; x_wconf 94' lang='lat' dir='ltr'><strong>quod</strong></span> <span class='ocrx_word' id='word_1_58' title='bbox 431 1481 524 1542; x_wconf 89' lang='lat' dir='ltr'><strong>etiam</strong></span> <span class='ocrx_word' id='word_1_59' title='bbox 556 1479 666 1542; x_wconf 89' lang='lat' dir='ltr'><strong>eloco</strong></span> <span class='ocrx_word' id='word_1_60' title='bbox 691 1498 788 1562; x_wconf 89' lang='lat' dir='ltr'><strong>supra</strong></span> <span class='ocrx_word' id='word_1_61' title='bbox 811 1481 944 1541; x_wconf 85' lang='lat' dir='ltr'><strong>tractato</strong></span> <span class='ocrx_word' id='word_1_62' title='bbox 970 1478 1009 1542; x_wconf 92' lang='lat' dir='ltr'><strong>de</strong></span> <span class='ocrx_word' id='word_1_63' title='bbox 1031 1475 1228 1539; x_wconf 78' lang='lat' dir='ltr'><strong>Francorum</strong></span> <span class='ocrx_word' id='word_1_64' title='bbox 1253 1474 1314 1537; x_wconf 87' lang='lat' dir='ltr'><strong>Ar·</strong></span> 
     </span>
     <span class='ocr_line' id='line_1_10' title="bbox 185 1589 1311 1674; baseline -0.004 -20"><span class='ocrx_word' id='word_1_65' title='bbox 185 1595 381 1655; x_wconf 87' lang='lat' dir='ltr'><strong>moricorum</strong></span> <span class='ocrx_word' id='word_1_66' title='bbox 406 1591 641 1674; x_wconf 80' lang='lat' dir='ltr'><strong>Thoringorum</strong></span> <span class='ocrx_word' id='word_1_67' title='bbox 666 1590 797 1655; x_wconf 87' lang='lat' dir='ltr'><strong>sedibus</strong></span> <span class='ocrx_word' id='word_1_68' title='bbox 821 1593 977 1674; x_wconf 85' lang='lat' dir='ltr'><strong>apparuit.</strong></span> <span class='ocrx_word' id='word_1_69' title='bbox 1003 1589 1181 1654; x_wconf 84' lang='lat' dir='ltr'><strong>Utilissima</strong></span> <span class='ocrx_word' id='word_1_70' title='bbox 1204 1593 1311 1651; x_wconf 89' lang='lat' dir='ltr'><strong>tamen</strong></span> 
     </span>
     <span class='ocr_line' id='line_1_11' title="bbox 185 1702 1314 1790; baseline -0.003 -22"><span class='ocrx_word' id='word_1_71' title='bbox 185 1706 281 1770; x_wconf 90' lang='lat' dir='ltr'><strong>nobis</strong></span> <span class='ocrx_word' id='word_1_72' title='bbox 315 1725 385 1770; x_wconf 90' lang='lat' dir='ltr'><strong>esse</strong></span> <span class='ocrx_word' id='word_1_73' title='bbox 419 1711 522 1790; x_wconf 91' lang='lat' dir='ltr'><strong>potest</strong></span> <span class='ocrx_word' id='word_1_74' title='bbox 557 1706 798 1770; x_wconf 86' lang='lat' dir='ltr'><strong>narratiuncula</strong></span> <span class='ocrx_word' id='word_1_75' title='bbox 834 1705 889 1769; x_wconf 88' lang='lat' dir='ltr'><strong>illa</strong></span> <span class='ocrx_word' id='word_1_76' title='bbox 923 1705 962 1769; x_wconf 91' lang='lat' dir='ltr'><strong>de</strong></span> <span class='ocrx_word' id='word_1_77' title='bbox 993 1705 1134 1769; x_wconf 83' lang='lat' dir='ltr'><strong>Varinio.</strong></span> <span class='ocrx_word' id='word_1_78' title='bbox 1165 1702 1247 1767; x_wconf 88' lang='lat' dir='ltr'><strong>Nam</strong></span> <span class='ocrx_word' id='word_1_79' title='bbox 1273 1703 1314 1766; x_wconf 90' lang='lat' dir='ltr'><strong>ad</strong></span> 
     </span>
     <span class='ocr_line' id='line_1_12' title="bbox 185 1817 1315 1902; baseline -0.002 -21"><span class='ocrx_word' id='word_1_80' title='bbox 185 1818 292 1883; x_wconf 92' lang='lat' dir='ltr'><strong>Rheni</strong></span> <span class='ocrx_word' id='word_1_81' title='bbox 328 1820 408 1882; x_wconf 89' lang='lat' dir='ltr'><strong>ostia</strong></span> <span class='ocrx_word' id='word_1_82' title='bbox 444 1838 496 1883; x_wconf 90' lang='lat' dir='ltr'><strong>eos</strong></span> <span class='ocrx_word' id='word_1_83' title='bbox 532 1819 653 1883; x_wconf 91' lang='lat' dir='ltr'><strong>sedisse</strong></span> <span class='ocrx_word' id='word_1_84' title='bbox 688 1823 802 1902; x_wconf 88' lang='lat' dir='ltr'><strong>quater</strong></span> <span class='ocrx_word' id='word_1_85' title='bbox 832 1817 926 1882; x_wconf 92' lang='lat' dir='ltr'><strong>nobis</strong></span> <span class='ocrx_word' id='word_1_86' title='bbox 950 1822 1160 1898; x_wconf 87' lang='lat' dir='ltr'><strong>asseveratur,</strong></span> <span class='ocrx_word' id='word_1_87' title='bbox 1184 1821 1315 1899; x_wconf 88' lang='lat' dir='ltr'><strong>totaque</strong></span> 
     </span>
     <span class='ocr_line' id='line_1_13' title="bbox 185 1931 1312 2008; baseline -0.003 -14"><span class='ocrx_word' id='word_1_88' title='bbox 185 1933 320 1996; x_wconf 87' lang='lat' dir='ltr'><strong>historia</strong></span> <span class='ocrx_word' id='word_1_89' title='bbox 353 1951 426 1996; x_wconf 89' lang='lat' dir='ltr'><strong>cum</strong></span> <span class='ocrx_word' id='word_1_90' title='bbox 463 1931 594 1996; x_wconf 90' lang='lat' dir='ltr'><strong>sedibus</strong></span> <span class='ocrx_word' id='word_1_91' title='bbox 629 1932 823 1996; x_wconf 78' lang='lat' dir='ltr'><strong>Varinorum</strong></span> <span class='ocrx_word' id='word_1_92' title='bbox 857 1933 1008 1996; x_wconf 88' lang='lat' dir='ltr'><strong>rhenanis</strong></span> <span class='ocrx_word' id='word_1_93' title='bbox 1040 1937 1125 1995; x_wconf 84' lang='lat' dir='ltr'><strong>arcte</strong></span> <span class='ocrx_word' id='word_1_94' title='bbox 1150 1931 1312 2008; x_wconf 74' lang='lat' dir='ltr'><strong>cohaeret,</strong></span> 
     </span>
     <span class='ocr_line' id='line_1_14' title="bbox 185 2044 1312 2128; baseline -0.003 -20"><span class='ocrx_word' id='word_1_95' title='bbox 185 2047 267 2110; x_wconf 88' lang='lat' dir='ltr'><strong>haec</strong></span> <span class='ocrx_word' id='word_1_96' title='bbox 293 2048 390 2127; x_wconf 92' lang='lat' dir='ltr'><strong>enim,</strong></span> <span class='ocrx_word' id='word_1_97' title='bbox 411 2047 474 2110; x_wconf 89' lang='lat' dir='ltr'><strong>nisi</strong></span> <span class='ocrx_word' id='word_1_98' title='bbox 500 2047 550 2108; x_wconf 92' lang='lat' dir='ltr'><strong>hic</strong></span> <span class='ocrx_word' id='word_1_99' title='bbox 577 2046 790 2109; x_wconf 86' lang='lat' dir='ltr'><strong>habitaverint</strong></span> <span class='ocrx_word' id='word_1_100' title='bbox 814 2045 940 2128; x_wconf 84' lang='lat' dir='ltr'><strong>Varini,</strong></span> <span class='ocrx_word' id='word_1_101' title='bbox 951 2047 1082 2108; x_wconf 93' lang='lat' dir='ltr'><strong>omnino</strong></span> <span class='ocrx_word' id='word_1_102' title='bbox 1095 2044 1312 2108; x_wconf 87' lang='lat' dir='ltr'><strong>insulsissima</strong></span> 
     </span>
     <span class='ocr_line' id='line_1_15' title="bbox 186 2159 1315 2244; baseline -0.004 -20"><span class='ocrx_word' id='word_1_103' title='bbox 186 2165 237 2224; x_wconf 86' lang='lat' dir='ltr'><strong>est</strong></span> <span class='ocrx_word' id='word_1_104' title='bbox 272 2165 302 2224; x_wconf 94' lang='lat' dir='ltr'><strong>et</strong></span> <span class='ocrx_word' id='word_1_105' title='bbox 337 2161 462 2224; x_wconf 87' lang='lat' dir='ltr'><strong>etiamsi</strong></span> <span class='ocrx_word' id='word_1_106' title='bbox 483 2179 615 2244; x_wconf 90' lang='lat' dir='ltr'><strong>prorsus</strong></span> <span class='ocrx_word' id='word_1_107' title='bbox 640 2161 701 2224; x_wconf 91' lang='lat' dir='ltr'><strong>alio</strong></span> <span class='ocrx_word' id='word_1_108' title='bbox 727 2159 821 2223; x_wconf 92' lang='lat' dir='ltr'><strong>modo</strong></span> <span class='ocrx_word' id='word_1_109' title='bbox 845 2179 896 2224; x_wconf 93' lang='lat' dir='ltr'><strong>res</strong></span> <span class='ocrx_word' id='word_1_110' title='bbox 919 2159 1113 2244; x_wconf 88' lang='lat' dir='ltr'><strong>aProcopio</strong></span> <span class='ocrx_word' id='word_1_111' title='bbox 1137 2159 1315 2241; x_wconf 86' lang='lat' dir='ltr'><strong>descriptae</strong></span> 
     </span>
     <span class='ocr_line' id='line_1_16' title="bbox 188 2271 1317 2356; baseline -0.004 -20"><span class='ocrx_word' id='word_1_112' title='bbox 188 2292 261 2337; x_wconf 92' lang='lat' dir='ltr'><strong>sese</strong></span> <span class='ocrx_word' id='word_1_113' title='bbox 284 2273 464 2354; x_wconf 83' lang='lat' dir='ltr'><strong>habuerint,</strong></span> <span class='ocrx_word' id='word_1_114' title='bbox 488 2282 594 2337; x_wconf 91' lang='lat' dir='ltr'><strong>tamen</strong></span> <span class='ocrx_word' id='word_1_115' title='bbox 620 2273 779 2355; x_wconf 89' lang='lat' dir='ltr'><strong>ejusmodi</strong></span> <span class='ocrx_word' id='word_1_116' title='bbox 804 2275 942 2336; x_wconf 90' lang='lat' dir='ltr'><strong>narratio</strong></span> <span class='ocrx_word' id='word_1_117' title='bbox 967 2273 1017 2336; x_wconf 87' lang='lat' dir='ltr'><strong>vel</strong></span> <span class='ocrx_word' id='word_1_118' title='bbox 1041 2272 1119 2356; x_wconf 90' lang='lat' dir='ltr'><strong>fingi</strong></span> <span class='ocrx_word' id='word_1_119' title='bbox 1133 2291 1195 2335; x_wconf 91' lang='lat' dir='ltr'><strong>non</strong></span> <span class='ocrx_word' id='word_1_120' title='bbox 1210 2271 1317 2356; x_wconf 90' lang='lat' dir='ltr'><strong>potuit</strong></span> 
     </span>
     <span class='ocr_line' id='line_1_17' title="bbox 187 2385 1314 2469; baseline -0.001 -20"><span class='ocrx_word' id='word_1_121' title='bbox 187 2389 253 2451; x_wconf 92' lang='lat' dir='ltr'><strong>nisi</strong></span> <span class='ocrx_word' id='word_1_122' title='bbox 274 2386 403 2451; x_wconf 89' lang='lat' dir='ltr'><strong>Varinis</strong></span> <span class='ocrx_word' id='word_1_123' title='bbox 426 2387 464 2450; x_wconf 85' lang='lat' dir='ltr'><strong>ed</strong></span> <span class='ocrx_word' id='word_1_124' title='bbox 485 2385 589 2451; x_wconf 89' lang='lat' dir='ltr'><strong>Rheni</strong></span> <span class='ocrx_word' id='word_1_125' title='bbox 612 2388 693 2451; x_wconf 89' lang='lat' dir='ltr'><strong>ostia</strong></span> <span class='ocrx_word' id='word_1_126' title='bbox 719 2387 944 2451; x_wconf 89' lang='lat' dir='ltr'><strong>habitantibus.</strong></span> <span class='ocrx_word' id='word_1_127' title='bbox 968 2386 1050 2450; x_wconf 85' lang='lat' dir='ltr'><strong>Nam</strong></span> <span class='ocrx_word' id='word_1_128' title='bbox 1065 2406 1193 2450; x_wconf 89' lang='lat' dir='ltr'><strong>oausam</strong></span> <span class='ocrx_word' id='word_1_129' title='bbox 1210 2402 1314 2469; x_wconf 87' lang='lat' dir='ltr'><strong>aroge</strong></span> 
     </span>
     <span class='ocr_line' id='line_1_18' title="bbox 189 2500 1315 2584; baseline -0.003 -20"><span class='ocrx_word' id='word_1_130' title='bbox 189 2502 329 2583; x_wconf 89' lang='lat' dir='ltr'><strong>allatam,</strong></span> <span class='ocrx_word' id='word_1_131' title='bbox 360 2521 418 2565; x_wconf 91' lang='lat' dir='ltr'><strong>cur</strong></span> <span class='ocrx_word' id='word_1_132' title='bbox 449 2501 588 2565; x_wconf 88' lang='lat' dir='ltr'><strong>affinitas</strong></span> <span class='ocrx_word' id='word_1_133' title='bbox 612 2521 684 2564; x_wconf 89' lang='lat' dir='ltr'><strong>cum</strong></span> <span class='ocrx_word' id='word_1_134' title='bbox 709 2500 843 2564; x_wconf 81' lang='lat' dir='ltr'><strong>Francis</strong></span> <span class='ocrx_word' id='word_1_135' title='bbox 867 2504 1014 2584; x_wconf 89' lang='lat' dir='ltr'><strong>praestet,</strong></span> <span class='ocrx_word' id='word_1_136' title='bbox 1037 2500 1119 2563; x_wconf 88' lang='lat' dir='ltr'><strong>hane</strong></span> <span class='ocrx_word' id='word_1_137' title='bbox 1142 2518 1212 2564; x_wconf 89' lang='lat' dir='ltr'><strong>esse</strong></span> <span class='ocrx_word' id='word_1_138' title='bbox 1237 2500 1315 2583; x_wconf 92' lang='lat' dir='ltr'><strong>legi·</strong></span> 
     </span>
     <span class='ocr_line' id='line_1_19' title="bbox 190 2613 1315 2698; baseline -0.002 -21"><span class='ocrx_word' id='word_1_139' title='bbox 190 2635 274 2696; x_wconf 92' lang='lat' dir='ltr'><strong>mus,</strong></span> <span class='ocrx_word' id='word_1_140' title='bbox 308 2615 395 2698; x_wconf 93' lang='lat' dir='ltr'><strong>quod</strong></span> <span class='ocrx_word' id='word_1_141' title='bbox 429 2615 560 2679; x_wconf 82' lang='lat' dir='ltr'><strong>Francis</strong></span> <span class='ocrx_word' id='word_1_142' title='bbox 596 2615 738 2679; x_wconf 86' lang='lat' dir='ltr'><strong>confines</strong></span> <span class='ocrx_word' id='word_1_143' title='bbox 774 2617 839 2678; x_wconf 90' lang='lat' dir='ltr'><strong>sint</strong></span> <span class='ocrx_word' id='word_1_144' title='bbox 873 2613 984 2677; x_wconf 87' lang='lat' dir='ltr'><strong>Varini</strong></span> <span class='ocrx_word' id='word_1_145' title='bbox 1020 2619 1050 2677; x_wconf 92' lang='lat' dir='ltr'><strong>et</strong></span> <span class='ocrx_word' id='word_1_146' title='bbox 1081 2616 1115 2676; x_wconf 92' lang='lat' dir='ltr'><strong>iu</strong></span> <span class='ocrx_word' id='word_1_147' title='bbox 1139 2613 1240 2676; x_wconf 90' lang='lat' dir='ltr'><strong>isdem</strong></span> <span class='ocrx_word' id='word_1_148' title='bbox 1265 2614 1315 2676; x_wconf 89' lang='lat' dir='ltr'><strong>his</strong></span> 
     </span>
     <span class='ocr_line' id='line_1_20' title="bbox 188 2709 1315 2812; baseline -0.002 -22"><span class='ocrx_word' id='word_1_149' title='bbox 188 2709 311 2792; x_wconf 90' lang='lat' dir='ltr'><strong>finibus</strong></span> <span class='ocrx_word' id='word_1_150' title='bbox 334 2729 433 2811; x_wconf 86' lang='lat' dir='ltr'><strong>Angli</strong></span> <span class='ocrx_word' id='word_1_151' title='bbox 457 2729 663 2792; x_wconf 89' lang='lat' dir='ltr'><strong>transmarini</strong></span> <span class='ocrx_word' id='word_1_152' title='bbox 687 2728 817 2812; x_wconf 84' lang='lat' dir='ltr'><strong>aggredi</strong></span> <span class='ocrx_word' id='word_1_153' title='bbox 840 2746 895 2791; x_wconf 90' lang='lat' dir='ltr'><strong>eos</strong></span> <span class='ocrx_word' id='word_1_154' title='bbox 919 2731 1070 2810; x_wconf 90' lang='lat' dir='ltr'><strong>possunt:</strong></span> <span class='ocrx_word' id='word_1_155' title='bbox 1096 2727 1128 2790; x_wconf 93' lang='lat' dir='ltr'><strong>id</strong></span> <span class='ocrx_word' id='word_1_156' title='bbox 1149 2727 1235 2809; x_wconf 93' lang='lat' dir='ltr'><strong>quod</strong></span> <span class='ocrx_word' id='word_1_157' title='bbox 1250 2745 1315 2788; x_wconf 92' lang='lat' dir='ltr'><strong>uno</strong></span> 
     </span>
     <span class='ocr_line' id='line_1_21' title="bbox 189 2838 1315 2924; baseline -0.003 -20"><span class='ocrx_word' id='word_1_158' title='bbox 189 2841 413 2905; x_wconf 88' lang='lat' dir='ltr'><strong>tantummodo</strong></span> <span class='ocrx_word' id='word_1_159' title='bbox 437 2843 507 2904; x_wconf 88' lang='lat' dir='ltr'><strong>loco</strong></span> <span class='ocrx_word' id='word_1_160' title='bbox 532 2841 649 2905; x_wconf 89' lang='lat' dir='ltr'><strong>factum</strong></span> <span class='ocrx_word' id='word_1_161' title='bbox 676 2860 746 2905; x_wconf 91' lang='lat' dir='ltr'><strong>esse</strong></span> <span class='ocrx_word' id='word_1_162' title='bbox 770 2846 882 2924; x_wconf 89' lang='lat' dir='ltr'><strong>potest,</strong></span> <span class='ocrx_word' id='word_1_163' title='bbox 906 2840 946 2904; x_wconf 92' lang='lat' dir='ltr'><strong>ad</strong></span> <span class='ocrx_word' id='word_1_164' title='bbox 966 2842 1048 2905; x_wconf 85' lang='lat' dir='ltr'><strong>ostia</strong></span> <span class='ocrx_word' id='word_1_165' title='bbox 1067 2859 1182 2923; x_wconf 84' lang='lat' dir='ltr'><strong>nempe</strong></span> <span class='ocrx_word' id='word_1_166' title='bbox 1202 2838 1315 2903; x_wconf 89' lang='lat' dir='ltr'><strong>Rheni.</strong></span> 
     </span>
    </p>

    <p class='ocr_par' dir='ltr' id='par_1_3' title="bbox 190 2950 1410 4506">
     <span class='ocr_line' id='line_1_22' title="bbox 236 2950 1316 3038; baseline 0 -21"><span class='ocrx_word' id='word_1_167' title='bbox 236 2954 345 3018; x_wconf 91' lang='lat' dir='ltr'><strong>Unum</strong></span> <span class='ocrx_word' id='word_1_168' title='bbox 367 2950 571 3038; x_wconf 85' lang='lat' dir='ltr'><strong>eundemque</strong></span> <span class='ocrx_word' id='word_1_169' title='bbox 591 2954 785 3018; x_wconf 86' lang='lat' dir='ltr'><strong>Varinorum</strong></span> <span class='ocrx_word' id='word_1_170' title='bbox 807 2955 961 3037; x_wconf 93' lang='lat' dir='ltr'><strong>populum</strong></span> <span class='ocrx_word' id='word_1_171' title='bbox 975 2961 1063 3019; x_wconf 90' lang='lat' dir='ltr'><strong>trans</strong></span> <span class='ocrx_word' id='word_1_172' title='bbox 1077 2954 1195 3019; x_wconf 89' lang='lat' dir='ltr'><strong>Istrum</strong></span> <span class='ocrx_word' id='word_1_173' title='bbox 1210 2972 1316 3036; x_wconf 89' lang='lat' dir='ltr'><strong>usque</strong></span> 
     </span>
     <span class='ocr_line' id='line_1_23' title="bbox 190 3067 1314 3152; baseline 0 -22"><span class='ocrx_word' id='word_1_174' title='bbox 190 3069 231 3131; x_wconf 92' lang='lat' dir='ltr'><strong>ad</strong></span> <span class='ocrx_word' id='word_1_175' title='bbox 264 3067 425 3132; x_wconf 90' lang='lat' dir='ltr'><strong>Oceanum</strong></span> <span class='ocrx_word' id='word_1_176' title='bbox 454 3069 540 3151; x_wconf 92' lang='lat' dir='ltr'><strong>quod</strong></span> <span class='ocrx_word' id='word_1_177' title='bbox 564 3068 707 3133; x_wconf 88' lang='lat' dir='ltr'><strong>habitare</strong></span> <span class='ocrx_word' id='word_1_178' title='bbox 730 3069 807 3132; x_wconf 94' lang='lat' dir='ltr'><strong>dicit</strong></span> <span class='ocrx_word' id='word_1_179' title='bbox 830 3069 1017 3152; x_wconf 89' lang='lat' dir='ltr'><strong>Procopius,</strong></span> <span class='ocrx_word' id='word_1_180' title='bbox 1042 3087 1092 3132; x_wconf 91' lang='lat' dir='ltr'><strong>res</strong></span> <span class='ocrx_word' id='word_1_181' title='bbox 1116 3067 1314 3132; x_wconf 90' lang='lat' dir='ltr'><strong>incredibilis</strong></span> 
     </span>
     <span class='ocr_line' id='line_1_24' title="bbox 190 3181 1315 3264; baseline -0.004 -18"><span class='ocrx_word' id='word_1_182' title='bbox 190 3188 255 3261; x_wconf 77' lang='lat' dir='ltr'><strong>est,</strong></span> <span class='ocrx_word' id='word_1_183' title='bbox 281 3181 320 3245; x_wconf 92' lang='lat' dir='ltr'><strong>de</strong></span> <span class='ocrx_word' id='word_1_184' title='bbox 344 3182 473 3245; x_wconf 85' lang='lat' dir='ltr'><strong>Variuis</strong></span> <span class='ocrx_word' id='word_1_185' title='bbox 498 3187 585 3245; x_wconf 90' lang='lat' dir='ltr'><strong>trans</strong></span> <span class='ocrx_word' id='word_1_186' title='bbox 609 3181 729 3246; x_wconf 89' lang='lat' dir='ltr'><strong>Istrum</strong></span> <span class='ocrx_word' id='word_1_187' title='bbox 754 3182 835 3244; x_wconf 92' lang='lat' dir='ltr'><strong>nihil</strong></span> <span class='ocrx_word' id='word_1_188' title='bbox 855 3188 967 3246; x_wconf 92' lang='lat' dir='ltr'><strong>notum</strong></span> <span class='ocrx_word' id='word_1_189' title='bbox 989 3181 1315 3264; x_wconf 88' lang='lat' dir='ltr'><strong>habemus,quamvis</strong></span> 
     </span>
     <span class='ocr_line' id='line_1_25' title="bbox 192 3293 1315 3379; baseline 0.001 -22"><span class='ocrx_word' id='word_1_190' title='bbox 192 3300 314 3377; x_wconf 91' lang='lat' dir='ltr'><strong>partem</strong></span> <span class='ocrx_word' id='word_1_191' title='bbox 351 3315 462 3378; x_wconf 88' lang='lat' dir='ltr'><strong>vagam</strong></span> <span class='ocrx_word' id='word_1_192' title='bbox 500 3315 599 3379; x_wconf 88' lang='lat' dir='ltr'><strong>vagae</strong></span> <span class='ocrx_word' id='word_1_193' title='bbox 621 3297 727 3379; x_wconf 91' lang='lat' dir='ltr'><strong>gentis</strong></span> <span class='ocrx_word' id='word_1_194' title='bbox 751 3295 949 3378; x_wconf 91' lang='lat' dir='ltr'><strong>aliquamdiu</strong></span> <span class='ocrx_word' id='word_1_195' title='bbox 975 3295 1014 3358; x_wconf 89' lang='lat' dir='ltr'><strong>ad</strong></span> <span class='ocrx_word' id='word_1_196' title='bbox 1037 3295 1156 3359; x_wconf 90' lang='lat' dir='ltr'><strong>Istrum</strong></span> <span class='ocrx_word' id='word_1_197' title='bbox 1183 3293 1315 3375; x_wconf 87' lang='lat' dir='ltr'><strong>sedisse,</strong></span> 
     </span>
     <span class='ocr_line' id='line_1_26' title="bbox 192 3407 1314 3491; baseline -0.001 -19"><span class='ocrx_word' id='word_1_198' title='bbox 192 3410 219 3472; x_wconf 90' lang='lat' dir='ltr'><strong>si</strong></span> <span class='ocrx_word' id='word_1_199' title='bbox 240 3408 368 3472; x_wconf 92' lang='lat' dir='ltr'><strong>aliunde</strong></span> <span class='ocrx_word' id='word_1_200' title='bbox 392 3409 470 3472; x_wconf 88' lang='lat' dir='ltr'><strong>haec</strong></span> <span class='ocrx_word' id='word_1_201' title='bbox 495 3410 608 3472; x_wconf 90' lang='lat' dir='ltr'><strong>notitia</strong></span> <span class='ocrx_word' id='word_1_202' title='bbox 631 3407 900 3488; x_wconf 89' lang='lat' dir='ltr'><strong>corroboraretur,</strong></span> <span class='ocrx_word' id='word_1_203' title='bbox 923 3427 979 3491; x_wconf 91' lang='lat' dir='ltr'><strong>per</strong></span> <span class='ocrx_word' id='word_1_204' title='bbox 1003 3428 1038 3472; x_wconf 91' lang='lat' dir='ltr'><strong>se</strong></span> <span class='ocrx_word' id='word_1_205' title='bbox 1048 3409 1236 3473; x_wconf 92' lang='lat' dir='ltr'><strong>incredibile</strong></span> <span class='ocrx_word' id='word_1_206' title='bbox 1249 3428 1314 3472; x_wconf 91' lang='lat' dir='ltr'><strong>non</strong></span> 
     </span>
     <span class='ocr_line' id='line_1_27' title="bbox 192 3520 1315 3606; baseline 0 -22"><span class='ocrx_word' id='word_1_207' title='bbox 192 3527 285 3585; x_wconf 89' lang='lat' dir='ltr'><strong>esset.</strong></span> <span class='ocrx_word' id='word_1_208' title='bbox 309 3520 371 3584; x_wconf 84' lang='lat' dir='ltr'><strong>Sed</strong></span> <span class='ocrx_word' id='word_1_209' title='bbox 395 3522 448 3584; x_wconf 91' lang='lat' dir='ltr'><strong>hio</strong></span> <span class='ocrx_word' id='word_1_210' title='bbox 473 3539 603 3604; x_wconf 90' lang='lat' dir='ltr'><strong>quoque</strong></span> <span class='ocrx_word' id='word_1_211' title='bbox 628 3540 691 3584; x_wconf 89' lang='lat' dir='ltr'><strong>non</strong></span> <span class='ocrx_word' id='word_1_212' title='bbox 717 3520 797 3585; x_wconf 92' lang='lat' dir='ltr'><strong>bene</strong></span> <span class='ocrx_word' id='word_1_213' title='bbox 821 3521 1019 3586; x_wconf 79' lang='lat' dir='ltr'><strong>distinxisse¹</strong></span> <span class='ocrx_word' id='word_1_214' title='bbox 1033 3523 1179 3606; x_wconf 90' lang='lat' dir='ltr'><strong>suspicor</strong></span> <span class='ocrx_word' id='word_1_215' title='bbox 1198 3521 1315 3585; x_wconf 92' lang='lat' dir='ltr'><strong>Proco-</strong></span> 
     </span>
     <span class='ocr_line' id='line_1_28' title="bbox 192 3634 1316 3719; baseline 0.002 -22"><span class='ocrx_word' id='word_1_216' title='bbox 192 3637 296 3718; x_wconf 74' lang='lat' dir='ltr'><strong>pium,</strong></span> <span class='ocrx_word' id='word_1_217' title='bbox 334 3641 369 3698; x_wconf 89' lang='lat' dir='ltr'><strong>ut</strong></span> <span class='ocrx_word' id='word_1_218' title='bbox 404 3635 474 3698; x_wconf 89' lang='lat' dir='ltr'><strong>loeo</strong></span> <span class='ocrx_word' id='word_1_219' title='bbox 509 3654 607 3717; x_wconf 88' lang='lat' dir='ltr'><strong>supra</strong></span> <span class='ocrx_word' id='word_1_220' title='bbox 642 3635 736 3698; x_wconf 88' lang='lat' dir='ltr'><strong>allato</strong></span> <span class='ocrx_word' id='word_1_221' title='bbox 772 3634 812 3699; x_wconf 93' lang='lat' dir='ltr'><strong>de</strong></span> <span class='ocrx_word' id='word_1_222' title='bbox 845 3635 1014 3719; x_wconf 82' lang='lat' dir='ltr'><strong>Thoringis</strong></span> <span class='ocrx_word' id='word_1_223' title='bbox 1048 3636 1199 3700; x_wconf 91' lang='lat' dir='ltr'><strong>rhenanis</strong></span> <span class='ocrx_word' id='word_1_224' title='bbox 1223 3636 1316 3699; x_wconf 90' lang='lat' dir='ltr'><strong>etde</strong></span> 
     </span>
     <span class='ocr_line' id='line_1_29' title="bbox 191 3748 1317 3833; baseline 0.001 -22"><span class='ocrx_word' id='word_1_225' title='bbox 191 3748 364 3832; x_wconf 81' lang='lat' dir='ltr'><strong>Thuringis</strong></span> <span class='ocrx_word' id='word_1_226' title='bbox 399 3748 589 3813; x_wconf 84' lang='lat' dir='ltr'><strong>Germaniae</strong></span> <span class='ocrx_word' id='word_1_227' title='bbox 624 3767 759 3831; x_wconf 88' lang='lat' dir='ltr'><strong>maguae</strong></span> <span class='ocrx_word' id='word_1_228' title='bbox 782 3754 946 3831; x_wconf 90' lang='lat' dir='ltr'><strong>tamquam</strong></span> <span class='ocrx_word' id='word_1_229' title='bbox 972 3750 1011 3813; x_wconf 91' lang='lat' dir='ltr'><strong>de</strong></span> <span class='ocrx_word' id='word_1_230' title='bbox 1037 3769 1101 3812; x_wconf 90' lang='lat' dir='ltr'><strong>una</strong></span> <span class='ocrx_word' id='word_1_231' title='bbox 1124 3755 1219 3833; x_wconf 92' lang='lat' dir='ltr'><strong>gente</strong></span> <span class='ocrx_word' id='word_1_232' title='bbox 1242 3751 1317 3832; x_wconf 90' lang='lat' dir='ltr'><strong>egit,</strong></span> 
     </span>
     <span class='ocr_line' id='line_1_30' title="bbox 192 3862 1410 3958; baseline -0.001 -32"><span class='ocrx_word' id='word_1_233' title='bbox 192 3863 238 3926; x_wconf 89' lang='lat' dir='ltr'><strong>sic</strong></span> <span class='ocrx_word' id='word_1_234' title='bbox 262 3868 371 3926; x_wconf 90' lang='lat' dir='ltr'><strong>nostro</strong></span> <span class='ocrx_word' id='word_1_235' title='bbox 394 3863 464 3926; x_wconf 92' lang='lat' dir='ltr'><strong>loco</strong></span> <span class='ocrx_word' id='word_1_236' title='bbox 487 3862 571 3926; x_wconf 92' lang='lat' dir='ltr'><strong>idem</strong></span> <span class='ocrx_word' id='word_1_237' title='bbox 596 3862 625 3926; x_wconf 93' lang='lat' dir='ltr'><strong>ei</strong></span> <span class='ocrx_word' id='word_1_238' title='bbox 648 3862 804 3926; x_wconf 87' lang='lat' dir='ltr'><strong>accidisse</strong></span> <span class='ocrx_word' id='word_1_239' title='bbox 828 3863 1001 3926; x_wconf 90' lang='lat' dir='ltr'><strong>verisimile</strong></span> <span class='ocrx_word' id='word_1_240' title='bbox 1024 3862 1159 3944; x_wconf 89' lang='lat' dir='ltr'><strong>videtur,</strong></span> <span class='ocrx_word' id='word_1_241' title='bbox 1184 3865 1211 3926; x_wconf 89' lang='lat' dir='ltr'><strong>si</strong></span> <span class='ocrx_word' id='word_1_242' title='bbox 1230 3881 1316 3926; x_wconf 90' lang='lat' dir='ltr'><strong>com·</strong></span> <span class='ocrx_word' id='word_1_243' title='bbox 1405 3949 1410 3958; x_wconf 30' lang='lat'>¹</span> 
     </span>
     <span class='ocr_line' id='line_1_31' title="bbox 192 3975 1318 4060; baseline 0 -20"><span class='ocrx_word' id='word_1_244' title='bbox 192 3983 344 4060; x_wconf 90' lang='lat' dir='ltr'><strong>putamus</strong></span> <span class='ocrx_word' id='word_1_245' title='bbox 367 3995 478 4040; x_wconf 89' lang='lat' dir='ltr'><strong>revera</strong></span> <span class='ocrx_word' id='word_1_246' title='bbox 502 3982 591 4039; x_wconf 88' lang='lat' dir='ltr'><strong>trans</strong></span> <span class='ocrx_word' id='word_1_247' title='bbox 613 3975 689 4040; x_wconf 90' lang='lat' dir='ltr'><strong>Istri</strong></span> <span class='ocrx_word' id='word_1_248' title='bbox 713 3982 834 4059; x_wconf 90' lang='lat' dir='ltr'><strong>partem</strong></span> <span class='ocrx_word' id='word_1_249' title='bbox 849 3979 1046 4060; x_wconf 90' lang='lat' dir='ltr'><strong>superiorem</strong></span> <span class='ocrx_word' id='word_1_250' title='bbox 1060 3977 1151 4041; x_wconf 93' lang='lat' dir='ltr'><strong>sedes</strong></span> <span class='ocrx_word' id='word_1_251' title='bbox 1164 3975 1318 4040; x_wconf 88' lang='lat' dir='ltr'><strong>habuisse</strong></span> 
     </span>
     <span class='ocr_line' id='line_1_32' title="bbox 191 4088 1316 4173; baseline -0.002 -21"><span class='ocrx_word' id='word_1_252' title='bbox 191 4089 380 4173; x_wconf 81' lang='lat' dir='ltr'><strong>Thuringos,</strong></span> <span class='ocrx_word' id='word_1_253' title='bbox 415 4109 480 4152; x_wconf 94' lang='lat' dir='ltr'><strong>non</strong></span> <span class='ocrx_word' id='word_1_254' title='bbox 515 4088 555 4151; x_wconf 87' lang='lat' dir='ltr'><strong>ad</strong></span> <span class='ocrx_word' id='word_1_255' title='bbox 589 4090 695 4171; x_wconf 91' lang='lat' dir='ltr'><strong>ipsum</strong></span> <span class='ocrx_word' id='word_1_256' title='bbox 732 4090 859 4171; x_wconf 91' lang='lat' dir='ltr'><strong>quidem</strong></span> <span class='ocrx_word' id='word_1_257' title='bbox 896 4089 1015 4153; x_wconf 90' lang='lat' dir='ltr'><strong>Istrum</strong></span> <span class='ocrx_word' id='word_1_258' title='bbox 1041 4090 1096 4153; x_wconf 90' lang='lat' dir='ltr'><strong>sed</strong></span> <span class='ocrx_word' id='word_1_259' title='bbox 1120 4094 1226 4152; x_wconf 84' lang='lat' dir='ltr'><strong>tamen</strong></span> <span class='ocrx_word' id='word_1_260' title='bbox 1251 4108 1316 4152; x_wconf 91' lang='lat' dir='ltr'><strong>non</strong></span> 
     </span>
     <span class='ocr_line' id='line_1_33' title="bbox 193 4184 1317 4285; baseline 0 -20"><span class='ocrx_word' id='word_1_261' title='bbox 193 4207 280 4265; x_wconf 90' lang='lat' dir='ltr'><strong>tauto</strong></span> <span class='ocrx_word' id='word_1_262' title='bbox 316 4202 355 4265; x_wconf 87' lang='lat' dir='ltr'><strong>ah</strong></span> <span class='ocrx_word' id='word_1_263' title='bbox 391 4221 427 4266; x_wconf 92' lang='lat' dir='ltr'><strong>eo</strong></span> <span class='ocrx_word' id='word_1_264' title='bbox 462 4201 563 4264; x_wconf 87' lang='lat' dir='ltr'><strong>fluvio</strong></span> <span class='ocrx_word' id='word_1_265' title='bbox 595 4203 697 4285; x_wconf 90' lang='lat' dir='ltr'><strong>spatio</strong></span> <span class='ocrx_word' id='word_1_266' title='bbox 732 4202 920 4284; x_wconf 88' lang='lat' dir='ltr'><strong>disjunctos,</strong></span> <span class='ocrx_word' id='word_1_267' title='bbox 939 4184 981 4267; x_wconf 75' lang='lat' dir='ltr'><strong>¹ut</strong></span> <span class='ocrx_word' id='word_1_268' title='bbox 1005 4208 1093 4268; x_wconf 92' lang='lat' dir='ltr'><strong>trans</strong></span> <span class='ocrx_word' id='word_1_269' title='bbox 1116 4202 1236 4266; x_wconf 86' lang='lat' dir='ltr'><strong>Istrum</strong></span> <span class='ocrx_word' id='word_1_270' title='bbox 1262 4220 1317 4266; x_wconf 91' lang='lat' dir='ltr'><strong>eos</strong></span> 
     </span>
     <span class='ocr_line' id='line_1_34' title="bbox 192 4315 1318 4400; baseline 0 -22"><span class='ocrx_word' id='word_1_271' title='bbox 192 4316 332 4380; x_wconf 92' lang='lat' dir='ltr'><strong>habitare</strong></span> <span class='ocrx_word' id='word_1_272' title='bbox 366 4315 557 4380; x_wconf 92' lang='lat' dir='ltr'><strong>contendere</strong></span> <span class='ocrx_word' id='word_1_273' title='bbox 592 4334 656 4377; x_wconf 92' lang='lat' dir='ltr'><strong>non</strong></span> <span class='ocrx_word' id='word_1_274' title='bbox 690 4317 790 4396; x_wconf 89' lang='lat' dir='ltr'><strong>possit</strong></span> <span class='ocrx_word' id='word_1_275' title='bbox 825 4317 882 4398; x_wconf 90' lang='lat' dir='ltr'><strong>vir,</strong></span> <span class='ocrx_word' id='word_1_276' title='bbox 910 4319 962 4380; x_wconf 92' lang='lat' dir='ltr'><strong>cui</strong></span> <span class='ocrx_word' id='word_1_277' title='bbox 986 4336 1037 4381; x_wconf 91' lang='lat' dir='ltr'><strong>res</strong></span> <span class='ocrx_word' id='word_1_278' title='bbox 1062 4337 1141 4400; x_wconf 91' lang='lat' dir='ltr'><strong>quas</strong></span> <span class='ocrx_word' id='word_1_279' title='bbox 1165 4315 1318 4380; x_wconf 90' lang='lat' dir='ltr'><strong>describit</strong></span> 
     </span>
     <span class='ocr_line' id='line_1_35' title="bbox 191 4429 1317 4506; baseline 0.004 -14"><span class='ocrx_word' id='word_1_280' title='bbox 191 4432 320 4494; x_wconf 92' lang='lat' dir='ltr'><strong>nonnisi</strong></span> <span class='ocrx_word' id='word_1_281' title='bbox 344 4430 515 4494; x_wconf 89' lang='lat' dir='ltr'><strong>admodum</strong></span> <span class='ocrx_word' id='word_1_282' title='bbox 539 4431 660 4492; x_wconf 89' lang='lat' dir='ltr'><strong>incerto</strong></span> <span class='ocrx_word' id='word_1_283' title='bbox 687 4430 782 4493; x_wconf 93' lang='lat' dir='ltr'><strong>modo</strong></span> <span class='ocrx_word' id='word_1_284' title='bbox 796 4431 1003 4496; x_wconf 90' lang='lat' dir='ltr'><strong>innotuerint.</strong></span> <span class='ocrx_word' id='word_1_285' title='bbox 1017 4429 1143 4506; x_wconf 79' lang='lat' dir='ltr'><strong>Quodsi</strong></span> <span class='ocrx_word' id='word_1_286' title='bbox 1156 4431 1317 4496; x_wconf 88' lang='lat' dir='ltr'><strong>sumimus</strong></span> 
     </span>
    </p>
   </div>
   <div class='ocr_carea' id='block_1_3' title="bbox 0 0 1636 5296">
    <p class='ocr_par' dir='ltr' id='par_1_4' title="bbox 0 0 1636 5296">
     <span class='ocr_line' id='line_1_36' title="bbox 0 0 1636 5296; baseline 0 0"><span class='ocrx_word' id='word_1_287' title='bbox 0 0 1636 5296; x_wconf 95' lang='lat' dir='ltr'><strong> </strong></span> 
     </span>
    </p>
   </div>
  </div>
 </body>
</html>
