3244 5296
735 585 798 647 135

201 766 320 831 abiisse
344 787 361 831 e
383 767 552 832 Britannia
577 789 593 833 e
618 769 830 853 sequentibus
854 776 993 854 apparet,
1018 770 1073 836 ubi
1097 790 1171 835 cnm
1197 771 1275 854 ipsis
1295 773 1328 834 in

202 880 373 943 Britannia
406 888 552 965 pugnant
587 883 753 963 Britanni3
779 890 835 947 aut
859 885 959 967 igitur
983 905 1056 968 pars
1081 903 1192 949 eorum
1219 886 1250 948 in
1275 905 1329 969 pa·¹

202 997 295 1057 triam
320 996 452 1058 revertit
475 996 547 1059 aliis
572 996 897 1080 subeuntibustqaac
917 993 1330 1082 Monnsnurestopinio¹))‚

203 1114 259 1170 aut
297 1107 469 1189 „domum”
504 1110 659 1174 recedant
694 1111 726 1172 in
762 1111 948 1175 orientalem
973 1117 1092 1194 partem
1118 1111 1244 1176 insulae
1263 1113 1328 1193 jam

204 1220 327 1284 dudum
364 1221 425 1285 sibi
459 1241 652 1287 concessam.
686 1225 799 1307 Aeque
831 1243 868 1287 ao
893 1222 1050 1287 Chronica
1073 1223 1195 1288 Gallica
1219 1223 1329 1289 Gildas

205 1353 336 1417 quoque
359 1335 398 1398 de
421 1333 606 1400 Saxonibas
630 1336 853 1400 tantammodo
876 1337 1030 1420 loquitur,
1050 1337 1149 1401 nullis
1169 1337 1330 1421 aliiagen·

204 1448 291 1512 tibus
315 1451 579 1514 commemoratis.

249 1561 374 1624 Gildam
411 1568 557 1626 secatam
594 1581 665 1626 esse
700 1561 813 1626 Bnnau
850 1564 928 1626 eatis
958 1567 1101 1642 constat;
1134 1563 1191 1647 qni
1225 1563 1330 1628 tribas

204 1675 283 1738 locis
326 1675 365 1737 de
403 1677 613 1758 occupatione
648 1653 843 1739 Britanniae
870 1677 1066 1739 mentionem
1100 1675 1186 1739 facit.
1221 1675 1330 1740 Primo

205 1788 284 1851 haee
318 1788 455 1870 legimus
469 1786 510 1866 ²):
546 1788 645 1852 Anno
668 1787 707 1852 ab
730 1788 952 1852 incarnatione
975 1787 1094 1852 domini
1117 1789 1328 1873 quadrinom-

205 1901 311 1964 tcaimo
334 1901 572 1984 quadrayesimo
595 1920 678 1966 nono
702 1901 895 1965 Marcianus
916 1921 985 1964 cum
1015 1900 1329 1986 Valentinianorum-

204 2014 402 2096 dracasimus
428 2022 534 2079 sentus
563 2015 603 2079 ab
628 2015 769 2098 Arausio
793 2034 924 2097 reanum
947 2013 1079 2094 adeptus
1101 2020 1213 2099 septem
1236 2015 1331 2079 onnia

204 2129 313 2191 tenuit.
348 2127 440 2192 Tune
473 2128 651 2211 Anytorum
682 2131 746 2193 sior
769 2127 1035 2211 Summuranum,
1058 2128 1193 2192 invitata
1216 2149 1237 2192 a
1261 2149 1330 2211 reae

204 2241 362 2324 praefato,
391 2241 428 2304 iu
458 2241 666 2306 Britanniam
689 2242 788 2306 tribus
811 2243 911 2325 tonaio
934 2242 1070 2306 navibus
1092 2241 1220 2306 adarenit
1242 2248 1271 2306 et
1293 2244 1328 2306 in

204 2353 350 2418 orientali
380 2359 472 2434 purte
506 2354 629 2419 insulae
661 2355 785 2436 iubente
818 2355 919 2419 eodem
952 2376 1022 2437 reae
1056 2355 1153 2420 torum
1178 2356 1329 2421 manendi

205 2469 298 2552 quasi
315 2488 377 2551 pro
397 2469 505 2548 putria
523 2474 719 2552 pronatum,
738 2490 771 2533 re
790 2475 894 2533 autem
913 2489 988 2533 uera
1007 2468 1331 2552 marcomanorum,

204 2583 342 2667 suscipit.

250 2697 339 2761 Haec
363 2717 494 2782 quoqne
518 2697 631 2762 Gildae
653 2697 761 2762 deberi
786 2700 855 2782 ipsa
880 2698 976 2762 verba
999 2698 1122 2762 docent.
1147 2697 1327 2762 Gumanno

205 2812 364 2893 convenit,
387 2811 474 2894 quod
493 2813 526 2874 in
555 2811 658 2875 Bedae
683 2810 849 2875 Chroniais
874 2811 1045 2875 adnotatur
1058 2807 1099 2889 ³):

251 2925 443 2989 Marcianus
477 2930 505 2988 et
545 2923 755 2990 Valentionus
778 2944 831 2988 au.
862 2924 936 2988 Vll.
963 2924 1048 2989 Gens
1070 2923 1246 3006 Auqlorum
1269 2925 1330 2987 ciac

206 3039 363 3103 Sarranum
388 3039 489 3102 tribue
512 3038 612 3121 ianqis
635 3038 765 3102 navibus
788 3037 971 3102 advehitur.
987 3037 1179 3116 ...,·dcinde
1191 3038 1224 3101 in
1237 3038 1330 3101 sociae

205 3173 296 3216 arma
333 3158 454 3216 vertens
488 3158 583 3216 totam
612 3171 708 3231 prope
739 3151 880 3215 insutum
911 3151 950 3215 ab
974 3149 1121 3214 orientali
1143 3150 1213 3232 eius
1233 3150 1329 3233 playa

205 3286 307 3351 usqua
328 3267 372 3330 ad
395 3265 611 3334 occidentatem
635 3266 703 3348 iqui
726 3265 772 3329 aet
794 3285 865 3328 anso
888 3265 1002 3346 subiqit
1025 3285 1050 3328 e.
1065 3285 1093 3347 q.
1107 3284 1130 3328 s.
1302 3258 1304 3261 ”

250 3379 360 3462 Ipsum
387 3398 507 3441 annum
534 3380 632 3461 igitur
658 3398 721 3441 non
747 3378 866 3459 definit,
890 3380 973 3442 inter
997 3378 1062 3439 449
1087 3386 1118 3439 et
1142 3377 1206 3438 457
1231 3395 1328 3458 qaae·

205 3494 350 3556 rendam.
396 3493 500 3556 Tertio
535 3493 605 3554 loco
641 3494 718 3555 haec
753 3493 881 3574 scripsit
895 3488 935 3569 ⁴t:
972 3488 1133 3577 Siquidem
1168 3507 1254 3552 anno
1290 3487 1330 3552 ab

200 3607 430 3671 incarnatione
461 3607 577 3670 domini
610 3605 835 3668 D⁰LXXX⁰II⁰
872 3603 1072 3668 Mauricius.
1086 3652 1092 3665 .
1106 3653 1132 3667 ..
1164 3604 1330 3686 imperium

131 3715 133 3720 ’
205 3721 378 3803 suscipiens
411 3720 524 3802 oiqinti
557 3726 585 3782 ct
620 3737 683 3781 uno
718 3719 815 3782 anuis
849 3717 957 3781 tenuit.
994 3713 1095 3797 Cuius
1127 3735 1213 3779 anno
1242 3716 1331 3800 raoni

206 3834 320 3897 decimo
353 3833 525 3915 Greqorius
560 3833 608 3896 m'r
631 3833 775 3896 doctrina
798 3835 826 3894 ct
848 3830 968 3893 actione
986 3829 1183 3913 praecipuus
1203 3829 1329 3909 pontifi·
1380 3868 1384 3876 ·

206 3951 309 4009 catum
344 3945 506 4010 Romanoa
540 3950 568 4008 ct
603 3943 788 4023 apostoticae
822 3943 904 4007 aedis
928 3941 1058 4006 sortitus
1081 3943 1162 4005 ranit
1176 3990 1182 4005 .
1195 3991 1201 4004 .
1214 3989 1240 4004 ..
1268 3940 1330 4021 Qui

208 4140 351 4147 ———

239 4265 252 4315 1
285 4266 320 4315 il.
357 4303 363 4316 .
382 4265 406 4315 8.

238 4266 267 4422 ἓξ
285 4281 354 4407 insi
369 4357 432 4406 ecci.
450 4356 538 4420 gentis
555 4356 711 4420 Ariglorurn,
729 4357 748 4418 1,
769 4355 808 4406 15.

239 4448 267 4514 3)
285 4446 343 4512 489,
360 4447 458 4498 Chron.
476 4448 549 4512 Min,
567 4447 611 4511 lli,
630 4462 655 4510 p.
674 4444 723 4497 303
742 4461 782 4509 sq.

240 4540 267 4606 i)
287 4540 354 4590 Hist.
373 4540 446 4603 ecci,
465 4537 544 4606 1‚a3.
