<?xml version="1.0" encoding="UTF-8"?>
<!DOCTYPE html PUBLIC "-//W3C//DTD XHTML 1.0 Transitional//EN"
    "http://www.w3.org/TR/xhtml1/DTD/xhtml1-transitional.dtd">
<html xmlns="http://www.w3.org/1999/xhtml" xml:lang="en" lang="en">
 <head>
  <title>
</title>
<meta http-equiv="Content-Type" content="text/html;charset=utf-8" />
  <meta name='ocr-system' content='tesseract 3.04.00' />
  <meta name='ocr-capabilities' content='ocr_page ocr_carea ocr_par ocr_line ocrx_word'/>
</head>
<body>
  <div class='ocr_page' id='page_1' title='image "./depopulisgerman00kromgoog_0092.png"; bbox 0 0 3240 5304; ppageno 0'>
   <div class='ocr_carea' id='block_1_1' title="bbox 726 537 766 598">
    <p class='ocr_par' dir='ltr' id='par_1_1' title="bbox 726 537 766 598">
     <span class='ocr_line' id='line_1_1' title="bbox 726 537 766 598; baseline 0.025 -1"><span class='ocrx_word' id='word_1_1' title='bbox 726 537 766 598; x_wconf 77' lang='lat'>73</span> 
     </span>
    </p>
   </div>
   <div class='ocr_carea' id='block_1_2' title="bbox 185 719 1308 1819">
    <p class='ocr_par' dir='ltr' id='par_1_2' title="bbox 185 719 1308 1819">
     <span class='ocr_line' id='line_1_2' title="bbox 185 719 1306 804; baseline 0.002 -20"><span class='ocrx_word' id='word_1_2' title='bbox 185 724 292 792; x_wconf 81' lang='grc' dir='ltr'><em>τῶντος</em></span> <span class='ocrx_word' id='word_1_3' title='bbox 327 721 407 797; x_wconf 76' lang='grc' dir='ltr'><em>μετοὶ</em></span> <span class='ocrx_word' id='word_1_4' title='bbox 443 721 496 794; x_wconf 66' lang='grc' dir='ltr'>τὴν</span> <span class='ocrx_word' id='word_1_5' title='bbox 528 719 686 785; x_wconf 68' lang='grc' dir='ltr'><em>θοίλοιττοιν</em></span> <span class='ocrx_word' id='word_1_6' title='bbox 717 721 767 786; x_wconf 76' lang='grc' dir='ltr'><em>διοδ</em></span> <span class='ocrx_word' id='word_1_7' title='bbox 790 726 842 786; x_wconf 81' lang='grc' dir='ltr'>τοῦ</span> <span class='ocrx_word' id='word_1_8' title='bbox 868 721 966 796; x_wconf 67' lang='lat' dir='ltr'>&#39;Prima</span> <span class='ocrx_word' id='word_1_9' title='bbox 990 721 1041 786; x_wconf 74' lang='grc' dir='ltr'><em>κοιδ</em></span> <span class='ocrx_word' id='word_1_10' title='bbox 1066 727 1123 786; x_wconf 80' lang='grc' dir='ltr'>τῶν</span> <span class='ocrx_word' id='word_1_11' title='bbox 1148 721 1306 804; x_wconf 74' lang='grc' dir='ltr'><em>βοιρβοέρων</em></span> 
     </span>
     <span class='ocr_line' id='line_1_3' title="bbox 186 832 1308 914; baseline 0.003 -17"><span class='ocrx_word' id='word_1_12' title='bbox 186 834 280 898; x_wconf 81' lang='grc' dir='ltr'><em>οὐκέτ’</em></span> <span class='ocrx_word' id='word_1_13' title='bbox 312 834 472 912; x_wconf 71' lang='grc' dir='ltr'><em>ἐπειδήπερ</em></span> <span class='ocrx_word' id='word_1_14' title='bbox 503 832 634 913; x_wconf 79' lang='grc' dir='ltr'><em>ἴσχνσοιν</em></span> <span class='ocrx_word' id='word_1_15' title='bbox 665 835 884 914; x_wconf 71' lang='grc' dir='ltr'>ἐπιτρεπόντων</span> <span class='ocrx_word' id='word_1_16' title='bbox 918 834 1045 908; x_wconf 76' lang='grc' dir='ltr'><em>ὄλιιοὶδες</em></span> <span class='ocrx_word' id='word_1_17' title='bbox 1068 836 1101 899; x_wconf 85' lang='grc' dir='ltr'>οιὶ</span> <span class='ocrx_word' id='word_1_18' title='bbox 1127 833 1229 899; x_wconf 75' lang='grc' dir='ltr'><em>πέλοιι</em></span> <span class='ocrx_word' id='word_1_19' title='bbox 1254 835 1308 913; x_wconf 75' lang='grc' dir='ltr'>μὲν</span> 
     </span>
     <span class='ocr_line' id='line_1_4' title="bbox 185 945 1307 1026; baseline 0.002 -16"><span class='ocrx_word' id='word_1_20' title='bbox 185 947 416 1024; x_wconf 74' lang='grc' dir='ltr'><em>ἅνειλκνσμένιιι</em></span> <span class='ocrx_word' id='word_1_21' title='bbox 441 947 672 1022; x_wconf 75' lang='grc' dir='ltr'><em>κοιτεσοὶπνσοιν,</em></span> <span class='ocrx_word' id='word_1_22' title='bbox 696 949 797 1026; x_wconf 87' lang='grc' dir='ltr'><em>ο’λι’γιιι</em></span> <span class='ocrx_word' id='word_1_23' title='bbox 822 949 854 1013; x_wconf 79' lang='grc' dir='ltr'>δὲ</span> <span class='ocrx_word' id='word_1_24' title='bbox 879 947 995 1022; x_wconf 83' lang='grc' dir='ltr'><em>ἔπλεον,</em></span> <span class='ocrx_word' id='word_1_25' title='bbox 1020 945 1056 1012; x_wconf 82' lang='grc' dir='ltr'>ὦν</span> <span class='ocrx_word' id='word_1_26' title='bbox 1081 951 1110 1012; x_wconf 89' lang='grc' dir='ltr'>ἐν</span> <span class='ocrx_word' id='word_1_27' title='bbox 1134 949 1238 1025; x_wconf 85' lang='grc' dir='ltr'><em>λιμέσι</em></span> <span class='ocrx_word' id='word_1_28' title='bbox 1259 951 1307 1014; x_wconf 84' lang='grc' dir='ltr'>τὸν</span> 
     </span>
     <span class='ocr_line' id='line_1_5' title="bbox 185 1056 1305 1142; baseline 0.003 -20"><span class='ocrx_word' id='word_1_29' title='bbox 185 1059 275 1136; x_wconf 84' lang='grc' dir='ltr'><em>γόμον</em></span> <span class='ocrx_word' id='word_1_30' title='bbox 306 1056 511 1139; x_wconf 77' lang='grc' dir='ltr'><em>ἐξωιροομένων</em></span> <span class='ocrx_word' id='word_1_31' title='bbox 542 1057 668 1137; x_wconf 74' lang='grc' dir='ltr'><em>οξμοὶξοις</em></span> <span class='ocrx_word' id='word_1_32' title='bbox 699 1062 790 1140; x_wconf 72' lang='grc' dir='ltr'><em>ἐχρῆν</em></span> <span class='ocrx_word' id='word_1_33' title='bbox 824 1061 891 1125; x_wconf 69' lang='lat' dir='ltr'>atari</span> <span class='ocrx_word' id='word_1_34' title='bbox 924 1065 975 1125; x_wconf 81' lang='grc' dir='ltr'>τοῦ</span> <span class='ocrx_word' id='word_1_35' title='bbox 1003 1065 1144 1139; x_wconf 83' lang='grc' dir='ltr'><em>ποτωμοῦ</em></span> <span class='ocrx_word' id='word_1_36' title='bbox 1168 1063 1209 1142; x_wconf 75' lang='grc' dir='ltr'>τῷ</span> <span class='ocrx_word' id='word_1_37' title='bbox 1234 1063 1305 1142; x_wconf 78' lang='grc' dir='ltr'>σιτῷ</span> 
     </span>
     <span class='ocr_line' id='line_1_6' title="bbox 186 1168 1307 1253; baseline 0.004 -18"><span class='ocrx_word' id='word_1_38' title='bbox 186 1173 330 1250; x_wconf 72' lang='grc' dir='ltr'><em>γενέσέωι,</em></span> <span class='ocrx_word' id='word_1_39' title='bbox 357 1172 410 1236; x_wconf 75' lang='lat' dir='ltr'>aori</span> <span class='ocrx_word' id='word_1_40' title='bbox 437 1175 471 1237; x_wconf 84' lang='grc' dir='ltr'>τὸ</span> <span class='ocrx_word' id='word_1_41' title='bbox 497 1179 629 1253; x_wconf 80' lang='grc' dir='ltr'><em>προῖγμοι</em></span> <span class='ocrx_word' id='word_1_42' title='bbox 653 1168 685 1247; x_wconf 76' lang='grc' dir='ltr'>ἦν</span> <span class='ocrx_word' id='word_1_43' title='bbox 705 1175 722 1248; x_wconf 75' lang='grc' dir='ltr'><em>ἦ</em></span> <span class='ocrx_word' id='word_1_44' title='bbox 746 1173 876 1252; x_wconf 78' lang='grc' dir='ltr'><em>μεγίστη</em></span> <span class='ocrx_word' id='word_1_45' title='bbox 902 1173 1029 1248; x_wconf 74' lang='grc' dir='ltr'><em>δοιποένν.</em></span> <span class='ocrx_word' id='word_1_46' title='bbox 1056 1175 1139 1240; x_wconf 81' lang='grc' dir='ltr'><em>τοῦτ’</em></span> <span class='ocrx_word' id='word_1_47' title='bbox 1164 1171 1211 1239; x_wconf 80' lang='grc' dir='ltr'>οὖν</span> <span class='ocrx_word' id='word_1_48' title='bbox 1234 1176 1307 1240; x_wconf 73' lang='grc' dir='ltr'><em>οἶνοι·</em></span> 
     </span>
     <span class='ocr_line' id='line_1_7' title="bbox 186 1285 1307 1369; baseline 0.004 -21"><span class='ocrx_word' id='word_1_49' title='bbox 186 1285 335 1360; x_wconf 79' lang='grc' dir='ltr'><em>νεούμενος</em></span> <span class='ocrx_word' id='word_1_50' title='bbox 364 1286 415 1349; x_wconf 76' lang='lat' dir='ltr'>uati</span> <span class='ocrx_word' id='word_1_51' title='bbox 452 1287 539 1350; x_wconf 84' lang='grc' dir='ltr'><em>δεινὸν</em></span> <span class='ocrx_word' id='word_1_52' title='bbox 574 1285 706 1366; x_wconf 75' lang='grc' dir='ltr'>νομίζων,</span> <span class='ocrx_word' id='word_1_53' title='bbox 738 1288 763 1351; x_wconf 78' lang='grc' dir='ltr'><em>εἰ</em></span> <span class='ocrx_word' id='word_1_54' title='bbox 791 1289 835 1362; x_wconf 72' lang='grc' dir='ltr'>μὴ</span> <span class='ocrx_word' id='word_1_55' title='bbox 861 1288 931 1368; x_wconf 82' lang='grc' dir='ltr'><em>πρὸς</em></span> <span class='ocrx_word' id='word_1_56' title='bbox 955 1290 1095 1369; x_wconf 76' lang='grc' dir='ltr'><em>τοὶρχιιῖιι</em></span> <span class='ocrx_word' id='word_1_57' title='bbox 1118 1289 1307 1366; x_wconf 74' lang='grc' dir='ltr'><em>κοιτοιστήσερ</em></span> 
     </span>
     <span class='ocr_line' id='line_1_8' title="bbox 186 1397 1307 1482; baseline 0.004 -21"><span class='ocrx_word' id='word_1_58' title='bbox 186 1399 238 1472; x_wconf 72' lang='grc' dir='ltr'>τὴν</span> <span class='ocrx_word' id='word_1_59' title='bbox 274 1399 494 1476; x_wconf 72' lang='grc' dir='ltr'><em>σιτοπομπίαν,</em></span> <span class='ocrx_word' id='word_1_60' title='bbox 525 1403 596 1472; x_wconf 80' lang='grc' dir='ltr'><em>νοιῦς</em></span> <span class='ocrx_word' id='word_1_61' title='bbox 626 1423 659 1463; x_wconf 93' lang='grc' dir='ltr'><em>τε</em></span> <span class='ocrx_word' id='word_1_62' title='bbox 683 1397 770 1475; x_wconf 77' lang='grc' dir='ltr'><em>ὀξέως</em></span> <span class='ocrx_word' id='word_1_63' title='bbox 795 1398 888 1476; x_wconf 77' lang='grc' dir='ltr'><em>ἔδειξε</em></span> <span class='ocrx_word' id='word_1_64' title='bbox 911 1401 1031 1474; x_wconf 79' lang='grc' dir='ltr'><em>πλείους</em></span> <span class='ocrx_word' id='word_1_65' title='bbox 1055 1400 1071 1474; x_wconf 72' lang='grc' dir='ltr'>ἢ</span> <span class='ocrx_word' id='word_1_66' title='bbox 1097 1401 1232 1482; x_wconf 80' lang='grc' dir='ltr'><em>πρότερον</em></span> <span class='ocrx_word' id='word_1_67' title='bbox 1256 1402 1307 1466; x_wconf 71' lang='lat' dir='ltr'>xxi</span> 
     </span>
     <span class='ocr_line' id='line_1_9' title="bbox 186 1511 1308 1593; baseline 0.005 -18"><span class='ocrx_word' id='word_1_68' title='bbox 186 1513 382 1585; x_wconf 81' lang='grc' dir='ltr'><em>διεσκοπεῑτο,</em></span> <span class='ocrx_word' id='word_1_69' title='bbox 419 1517 481 1586; x_wconf 78' lang='grc' dir='ltr'>πῶς</span> <span class='ocrx_word' id='word_1_70' title='bbox 515 1511 551 1577; x_wconf 75' lang='grc' dir='ltr'>ἂν</span> <span class='ocrx_word' id='word_1_71' title='bbox 586 1514 668 1593; x_wconf 79' lang='grc' dir='ltr'>ωὐτῷ</span> <span class='ocrx_word' id='word_1_72' title='bbox 703 1511 821 1588; x_wconf 65' lang='lat' dir='ltr'>attam</span> <span class='ocrx_word' id='word_1_73' title='bbox 852 1514 901 1578; x_wconf 79' lang='grc' dir='ltr'>τὸν</span> <span class='ocrx_word' id='word_1_74' title='bbox 931 1521 1012 1578; x_wconf 79' lang='grc' dir='ltr'><em>σῖτον</em></span> <span class='ocrx_word' id='word_1_75' title='bbox 1043 1511 1055 1578; x_wconf 77' lang='grc' dir='ltr'>ὃ</span> <span class='ocrx_word' id='word_1_76' title='bbox 1080 1515 1218 1593; x_wconf 68' lang='grc' dir='ltr'><em>ποταμός</em></span> <span class='ocrx_word' id='word_1_77' title='bbox 1233 1567 1239 1580; x_wconf 92' lang='grc'><strong>.</strong></span> <span class='ocrx_word' id='word_1_78' title='bbox 1255 1563 1262 1578; x_wconf 93' lang='grc'><strong>.</strong></span> <span class='ocrx_word' id='word_1_79' title='bbox 1278 1564 1308 1581; x_wconf 91' lang='grc'>..</span> 
     </span>
     <span class='ocr_line' id='line_1_10' title="bbox 185 1625 1308 1708; baseline 0.002 -18"><span class='ocrx_word' id='word_1_80' title='bbox 185 1627 351 1703; x_wconf 70' lang='grc' dir='ltr'><em>κατέβαινε</em></span> <span class='ocrx_word' id='word_1_81' title='bbox 385 1627 440 1704; x_wconf 80' lang='grc' dir='ltr'>μὲν</span> <span class='ocrx_word' id='word_1_82' title='bbox 475 1628 526 1690; x_wconf 85' lang='grc' dir='ltr'>ἐπ’</span> <span class='ocrx_word' id='word_1_83' title='bbox 556 1628 647 1692; x_wconf 82' lang='grc' dir='ltr'><em>ωὐτδν</em></span> <span class='ocrx_word' id='word_1_84' title='bbox 679 1629 813 1701; x_wconf 80' lang='grc' dir='ltr'><em>ὠκεοινδν,</em></span> <span class='ocrx_word' id='word_1_85' title='bbox 836 1627 924 1692; x_wconf 80' lang='grc' dir='ltr'><em>πόλιν</em></span> <span class='ocrx_word' id='word_1_86' title='bbox 948 1627 979 1692; x_wconf 83' lang='grc' dir='ltr'>δὲ</span> <span class='ocrx_word' id='word_1_87' title='bbox 1004 1625 1192 1708; x_wconf 48' lang='grc' dir='ltr'><em>Ἡροὶκλδειοιν,</em></span> <span class='ocrx_word' id='word_1_88' title='bbox 1218 1628 1308 1707; x_wconf 88' lang='grc' dir='ltr'><em>Ἡριι-</em></span> 
     </span>
     <span class='ocr_line' id='line_1_11' title="bbox 185 1737 1306 1819; baseline 0.002 -17"><span class='ocrx_word' id='word_1_89' title='bbox 185 1739 290 1812; x_wconf 85' lang='grc' dir='ltr'><em>κλέονς</em></span> <span class='ocrx_word' id='word_1_90' title='bbox 325 1737 418 1819; x_wconf 79' lang='grc' dir='ltr'><em>ἔργον,</em></span> <span class='ocrx_word' id='word_1_91' title='bbox 452 1739 568 1813; x_wconf 81' lang='grc' dir='ltr'><em>οὶνίστν.</em></span> <span class='ocrx_word' id='word_1_92' title='bbox 606 1739 648 1804; x_wconf 75' lang='grc' dir='ltr'>τοὶ</span> <span class='ocrx_word' id='word_1_93' title='bbox 681 1747 772 1804; x_wconf 78' lang='grc' dir='ltr'><em>πλοῖον</em></span> <span class='ocrx_word' id='word_1_94' title='bbox 803 1741 835 1804; x_wconf 81' lang='grc' dir='ltr'>δὲ</span> <span class='ocrx_word' id='word_1_95' title='bbox 866 1741 908 1813; x_wconf 77' lang='grc' dir='ltr'>εἰς</span> <span class='ocrx_word' id='word_1_96' title='bbox 931 1741 979 1804; x_wconf 82' lang='grc' dir='ltr'>τὸν</span> <span class='ocrx_word' id='word_1_97' title='bbox 1004 1741 1099 1814; x_wconf 78' lang='grc' dir='ltr'><em>Ῥῆνον</em></span> <span class='ocrx_word' id='word_1_98' title='bbox 1122 1741 1225 1819; x_wconf 78' lang='grc' dir='ltr'><em>εἰσῆγε</em></span> <span class='ocrx_word' id='word_1_99' title='bbox 1250 1745 1306 1804; x_wconf 83' lang='grc' dir='ltr'>τῶν</span> 
     </span>
    </p>
   </div>
   <div class='ocr_carea' id='block_1_3' title="bbox 186 1851 1310 2617">
    <p class='ocr_par' dir='ltr' id='par_1_3' title="bbox 186 1851 1310 2617">
     <span class='ocr_line' id='line_1_12' title="bbox 188 1851 1306 1934; baseline 0.001 -19"><span class='ocrx_word' id='word_1_100' title='bbox 188 1853 429 1932; x_wconf 77' lang='grc' dir='ltr'><em>προσδοκωμένων</em></span> <span class='ocrx_word' id='word_1_101' title='bbox 442 1851 584 1918; x_wconf 76' lang='grc' dir='ltr'><em>κωλύσειν</em></span> <span class='ocrx_word' id='word_1_102' title='bbox 597 1853 846 1932; x_wconf 79' lang='grc' dir='ltr'><em>ἀποπνιγομένων</em></span> <span class='ocrx_word' id='word_1_103' title='bbox 859 1854 925 1931; x_wconf 79' lang='grc' dir='ltr'><em>μὲν,</em></span> <span class='ocrx_word' id='word_1_104' title='bbox 938 1851 1043 1934; x_wconf 74' lang='grc' dir='ltr'><em>εἴργειν</em></span> <span class='ocrx_word' id='word_1_105' title='bbox 1055 1853 1087 1917; x_wconf 81' lang='grc' dir='ltr'>δὲ</span> <span class='ocrx_word' id='word_1_106' title='bbox 1099 1855 1152 1917; x_wconf 82' lang='grc' dir='ltr'>οὐκ</span> <span class='ocrx_word' id='word_1_107' title='bbox 1165 1853 1306 1933; x_wconf 69' lang='grc' dir='ltr'><em>ἐχόντων.</em></span> 
     </span>
     <span class='ocr_line' id='line_1_13' title="bbox 188 1967 1307 2052; baseline 0.001 -22"><span class='ocrx_word' id='word_1_108' title='bbox 188 1967 264 2031; x_wconf 89' lang='lat' dir='ltr'>Post</span> <span class='ocrx_word' id='word_1_109' title='bbox 277 1971 354 2031; x_wconf 87' lang='lat' dir='ltr'>haec</span> <span class='ocrx_word' id='word_1_110' title='bbox 367 1971 516 2051; x_wconf 88' lang='lat' dir='ltr'>sequitur</span> <span class='ocrx_word' id='word_1_111' title='bbox 527 1969 625 2050; x_wconf 85' lang='lat' dir='ltr'>longa</span> <span class='ocrx_word' id='word_1_112' title='bbox 638 1969 808 2052; x_wconf 84' lang='lat' dir='ltr'>descriptio</span> <span class='ocrx_word' id='word_1_113' title='bbox 820 1977 983 2052; x_wconf 84' lang='lat' dir='ltr'>gestorum</span> <span class='ocrx_word' id='word_1_114' title='bbox 997 1967 1017 2032; x_wconf 87' lang='lat' dir='ltr'>J</span> <span class='ocrx_word' id='word_1_115' title='bbox 1021 1969 1132 2048; x_wconf 88' lang='lat' dir='ltr'>uliani,</span> <span class='ocrx_word' id='word_1_116' title='bbox 1145 1969 1307 2051; x_wconf 92' lang='lat' dir='ltr'>quomodo</span> 
     </span>
     <span class='ocr_line' id='line_1_14' title="bbox 188 2080 1306 2165; baseline 0 -22"><span class='ocrx_word' id='word_1_117' title='bbox 188 2081 338 2144; x_wconf 88' lang='lat' dir='ltr'>barbaros</span> <span class='ocrx_word' id='word_1_118' title='bbox 368 2080 480 2145; x_wconf 85' lang='lat' dir='ltr'>Rheno</span> <span class='ocrx_word' id='word_1_119' title='bbox 505 2085 704 2165; x_wconf 90' lang='lat' dir='ltr'>propinquos</span> <span class='ocrx_word' id='word_1_120' title='bbox 728 2090 849 2146; x_wconf 91' lang='lat' dir='ltr'>terrore</span> <span class='ocrx_word' id='word_1_121' title='bbox 872 2081 1011 2145; x_wconf 86' lang='lat' dir='ltr'>affecerit</span> <span class='ocrx_word' id='word_1_122' title='bbox 1035 2089 1066 2145; x_wconf 94' lang='lat' dir='ltr'>et</span> <span class='ocrx_word' id='word_1_123' title='bbox 1090 2089 1173 2145; x_wconf 90' lang='lat' dir='ltr'>terra</span> <span class='ocrx_word' id='word_1_124' title='bbox 1196 2101 1306 2145; x_wconf 92' lang='lat' dir='ltr'>eorum</span> 
     </span>
     <span class='ocr_line' id='line_1_15' title="bbox 187 2193 1306 2278; baseline 0.003 -23"><span class='ocrx_word' id='word_1_125' title='bbox 187 2202 310 2258; x_wconf 87' lang='lat' dir='ltr'>vastata</span> <span class='ocrx_word' id='word_1_126' title='bbox 343 2214 452 2278; x_wconf 89' lang='lat' dir='ltr'>paoem</span> <span class='ocrx_word' id='word_1_127' title='bbox 488 2197 528 2258; x_wconf 92' lang='lat' dir='ltr'>iis</span> <span class='ocrx_word' id='word_1_128' title='bbox 561 2197 763 2274; x_wconf 73' lang='lat' dir='ltr'>concesserit,</span> <span class='ocrx_word' id='word_1_129' title='bbox 788 2214 872 2278; x_wconf 86' lang='lat' dir='ltr'>quae</span> <span class='ocrx_word' id='word_1_130' title='bbox 896 2196 1004 2258; x_wconf 90' lang='lat' dir='ltr'>omnia</span> <span class='ocrx_word' id='word_1_131' title='bbox 1027 2195 1111 2278; x_wconf 91' lang='lat' dir='ltr'>apud</span> <span class='ocrx_word' id='word_1_132' title='bbox 1137 2193 1306 2258; x_wconf 85' lang='lat' dir='ltr'>Libanium</span> 
     </span>
     <span class='ocr_line' id='line_1_16' title="bbox 186 2307 1309 2391; baseline -0.001 -20"><span class='ocrx_word' id='word_1_133' title='bbox 186 2311 231 2371; x_wconf 92' lang='lat' dir='ltr'>ita</span> <span class='ocrx_word' id='word_1_134' title='bbox 265 2329 336 2371; x_wconf 94' lang='lat' dir='ltr'>cum</span> <span class='ocrx_word' id='word_1_135' title='bbox 361 2307 626 2391; x_wconf 78' lang='lat' dir='ltr'>praecedentibus</span> <span class='ocrx_word' id='word_1_136' title='bbox 650 2309 830 2386; x_wconf 87' lang='lat' dir='ltr'>cohaerent,</span> <span class='ocrx_word' id='word_1_137' title='bbox 855 2314 890 2371; x_wconf 92' lang='lat' dir='ltr'>ut</span> <span class='ocrx_word' id='word_1_138' title='bbox 915 2309 966 2370; x_wconf 90' lang='lat' dir='ltr'>bic</span> <span class='ocrx_word' id='word_1_139' title='bbox 990 2327 1121 2391; x_wconf 93' lang='lat' dir='ltr'>quoque</span> <span class='ocrx_word' id='word_1_140' title='bbox 1144 2309 1184 2372; x_wconf 92' lang='lat' dir='ltr'>de</span> <span class='ocrx_word' id='word_1_141' title='bbox 1206 2311 1309 2391; x_wconf 84' lang='lat' dir='ltr'>genti·</span> 
     </span>
     <span class='ocr_line' id='line_1_17' title="bbox 188 2421 1310 2505; baseline -0.001 -21"><span class='ocrx_word' id='word_1_142' title='bbox 188 2422 247 2485; x_wconf 89' lang='lat' dir='ltr'>bus</span> <span class='ocrx_word' id='word_1_143' title='bbox 290 2421 394 2485; x_wconf 87' lang='lat' dir='ltr'>Rheni</span> <span class='ocrx_word' id='word_1_144' title='bbox 436 2421 596 2485; x_wconf 82' lang='lat' dir='ltr'>inferioris</span> <span class='ocrx_word' id='word_1_145' title='bbox 643 2423 743 2505; x_wconf 83' lang='lat' dir='ltr'>ripam</span> <span class='ocrx_word' id='word_1_146' title='bbox 793 2421 1011 2485; x_wconf 81' lang='lat' dir='ltr'>habitantibus</span> <span class='ocrx_word' id='word_1_147' title='bbox 1058 2424 1108 2504; x_wconf 86' lang='lat' dir='ltr'>agi</span> <span class='ocrx_word' id='word_1_148' title='bbox 1146 2422 1310 2500; x_wconf 85' lang='lat' dir='ltr'>videatur;</span> 
     </span>
     <span class='ocr_line' id='line_1_18' title="bbox 187 2515 1310 2617; baseline 0.001 -20"><span class='ocrx_word' id='word_1_149' title='bbox 187 2536 271 2617; x_wconf 89' lang='lat' dir='ltr'>apud</span> <span class='ocrx_word' id='word_1_150' title='bbox 314 2536 523 2598; x_wconf 86' lang='lat' dir='ltr'>Ammianum</span> <span class='ocrx_word' id='word_1_151' title='bbox 568 2554 642 2598; x_wconf 88' lang='lat' dir='ltr'>vero</span> <span class='ocrx_word' id='word_1_152' title='bbox 685 2536 795 2599; x_wconf 90' lang='lat' dir='ltr'>eadem</span> <span class='ocrx_word' id='word_1_153' title='bbox 836 2515 1001 2598; x_wconf 80' lang='lat' dir='ltr'>invenitur</span> <span class='ocrx_word' id='word_1_154' title='bbox 1036 2536 1173 2598; x_wconf 85' lang='lat' dir='ltr'>narratio</span> <span class='ocrx_word' id='word_1_155' title='bbox 1208 2553 1310 2617; x_wconf 90' lang='lat' dir='ltr'>eaque</span> 
     </span>
    </p>
   </div>
   <div class='ocr_carea' id='block_1_4' title="bbox 187 2647 1312 3866">
    <p class='ocr_par' dir='ltr' id='par_1_4' title="bbox 187 2647 1312 3866">
     <span class='ocr_line' id='line_1_19' title="bbox 188 2647 1306 2732; baseline -0.002 -20"><span class='ocrx_word' id='word_1_156' title='bbox 188 2650 297 2712; x_wconf 93' lang='lat' dir='ltr'>eodem</span> <span class='ocrx_word' id='word_1_157' title='bbox 322 2649 392 2711; x_wconf 92' lang='lat' dir='ltr'>loco</span> <span class='ocrx_word' id='word_1_158' title='bbox 416 2651 518 2732; x_wconf 88' lang='lat' dir='ltr'>posita</span> <span class='ocrx_word' id='word_1_159' title='bbox 541 2649 570 2728; x_wconf 88' lang='lat' dir='ltr'>(i.</span> <span class='ocrx_word' id='word_1_160' title='bbox 584 2668 609 2712; x_wconf 91' lang='lat' dir='ltr'>e.</span> <span class='ocrx_word' id='word_1_161' title='bbox 629 2655 700 2732; x_wconf 88' lang='lat' dir='ltr'>post</span> <span class='ocrx_word' id='word_1_162' title='bbox 720 2649 899 2712; x_wconf 88' lang='lat' dir='ltr'>Britannici</span> <span class='ocrx_word' id='word_1_163' title='bbox 918 2647 1072 2711; x_wconf 89' lang='lat' dir='ltr'>frumenti</span> <span class='ocrx_word' id='word_1_164' title='bbox 1087 2649 1306 2726; x_wconf 74' lang='lat' dir='ltr'>mentionem),</span> 
     </span>
     <span class='ocr_line' id='line_1_20' title="bbox 187 2761 1310 2844; baseline 0 -19"><span class='ocrx_word' id='word_1_165' title='bbox 187 2762 243 2825; x_wconf 89' lang='lat' dir='ltr'>sed</span> <span class='ocrx_word' id='word_1_166' title='bbox 263 2762 349 2844; x_wconf 89' lang='lat' dir='ltr'>apud</span> <span class='ocrx_word' id='word_1_167' title='bbox 370 2781 442 2825; x_wconf 94' lang='lat' dir='ltr'>eum</span> <span class='ocrx_word' id='word_1_168' title='bbox 457 2761 480 2840; x_wconf 80' lang='lat'>¹)</span> <span class='ocrx_word' id='word_1_169' title='bbox 497 2761 622 2826; x_wconf 86' lang='lat' dir='ltr'>barbari</span> <span class='ocrx_word' id='word_1_170' title='bbox 635 2764 682 2826; x_wconf 89' lang='lat' dir='ltr'>illi</span> <span class='ocrx_word' id='word_1_171' title='bbox 695 2784 755 2827; x_wconf 89' lang='lat' dir='ltr'>suo</span> <span class='ocrx_word' id='word_1_172' title='bbox 768 2765 977 2826; x_wconf 88' lang='lat' dir='ltr'>nominantur</span> <span class='ocrx_word' id='word_1_173' title='bbox 990 2765 1128 2844; x_wconf 89' lang='lat' dir='ltr'>nomine,</span> <span class='ocrx_word' id='word_1_174' title='bbox 1141 2763 1310 2826; x_wconf 87' lang='lat' dir='ltr'>Alemanni</span> 
     </span>
     <span class='ocr_line' id='line_1_21' title="bbox 188 2875 1310 2960; baseline 0.001 -22"><span class='ocrx_word' id='word_1_175' title='bbox 188 2883 264 2939; x_wconf 86' lang='lat' dir='ltr'>sunt</span> <span class='ocrx_word' id='word_1_176' title='bbox 288 2896 385 2960; x_wconf 92' lang='lat' dir='ltr'>supra</span> <span class='ocrx_word' id='word_1_177' title='bbox 409 2875 645 2959; x_wconf 84' lang='lat' dir='ltr'>Mogontiacum</span> <span class='ocrx_word' id='word_1_178' title='bbox 671 2878 825 2941; x_wconf 89' lang='lat' dir='ltr'>sedentes.</span> <span class='ocrx_word' id='word_1_179' title='bbox 851 2875 948 2940; x_wconf 89' lang='lat' dir='ltr'>Hisce</span> <span class='ocrx_word' id='word_1_180' title='bbox 972 2896 1101 2960; x_wconf 90' lang='lat' dir='ltr'>quoque</span> <span class='ocrx_word' id='word_1_181' title='bbox 1121 2878 1200 2939; x_wconf 90' lang='lat' dir='ltr'>locis</span> <span class='ocrx_word' id='word_1_182' title='bbox 1214 2876 1310 2940; x_wconf 92' lang='lat' dir='ltr'>verbo</span> 
     </span>
     <span class='ocr_line' id='line_1_22' title="bbox 188 2990 1312 3074; baseline 0.001 -21"><span class='ocrx_word' id='word_1_183' title='bbox 188 2995 282 3053; x_wconf 87' lang='lat' dir='ltr'>tenus</span> <span class='ocrx_word' id='word_1_184' title='bbox 306 2992 491 3072; x_wconf 82' lang='lat' dir='ltr'>conspirant</span> <span class='ocrx_word' id='word_1_185' title='bbox 515 2992 708 3054; x_wconf 86' lang='lat' dir='ltr'>Ammianus</span> <span class='ocrx_word' id='word_1_186' title='bbox 732 2990 960 3074; x_wconf 89' lang='lat' dir='ltr'>Libaniusque,</span> <span class='ocrx_word' id='word_1_187' title='bbox 985 2991 1070 3074; x_wconf 92' lang='lat' dir='ltr'>quod</span> <span class='ocrx_word' id='word_1_188' title='bbox 1092 2993 1157 3074; x_wconf 91' lang='lat' dir='ltr'>jam</span> <span class='ocrx_word' id='word_1_189' title='bbox 1182 2997 1312 3073; x_wconf 89' lang='lat' dir='ltr'>apparet</span> 
     </span>
     <span class='ocr_line' id='line_1_23' title="bbox 189 3102 1309 3188; baseline 0.001 -23"><span class='ocrx_word' id='word_1_190' title='bbox 189 3121 229 3165; x_wconf 88' lang='lat' dir='ltr'>ex</span> <span class='ocrx_word' id='word_1_191' title='bbox 264 3122 392 3167; x_wconf 91' lang='lat' dir='ltr'>annona</span> <span class='ocrx_word' id='word_1_192' title='bbox 430 3111 542 3183; x_wconf 90' lang='lat' dir='ltr'>,sueta</span> <span class='ocrx_word' id='word_1_193' title='bbox 564 3103 752 3167; x_wconf 86' lang='lat' dir='ltr'>transferri&#39;&#39;</span> <span class='ocrx_word' id='word_1_194' title='bbox 776 3103 849 3188; x_wconf 81' lang='grc' dir='ltr'>(τοῦ</span> <span class='ocrx_word' id='word_1_195' title='bbox 873 3103 957 3168; x_wconf 85' lang='grc' dir='ltr'><em>σι’του</em></span> <span class='ocrx_word' id='word_1_196' title='bbox 980 3102 1080 3167; x_wconf 70' lang='grc' dir='ltr'><em>πάλαι</em></span> <span class='ocrx_word' id='word_1_197' title='bbox 1105 3102 1309 3187; x_wconf 61' lang='lat' dir='ltr'>(percharos),</span> 
     </span>
     <span class='ocr_line' id='line_1_24' title="bbox 189 3213 1310 3301; baseline 0.003 -24"><span class='ocrx_word' id='word_1_198' title='bbox 189 3225 257 3278; x_wconf 90' lang='lat' dir='ltr'>tum</span> <span class='ocrx_word' id='word_1_199' title='bbox 283 3218 315 3278; x_wconf 92' lang='lat' dir='ltr'>iu</span> <span class='ocrx_word' id='word_1_200' title='bbox 341 3213 429 3280; x_wconf 71' lang='grc' dir='ltr'><em>πόλει</em></span> <span class='ocrx_word' id='word_1_201' title='bbox 454 3217 621 3299; x_wconf 79' lang='grc' dir='ltr'><em>Ἡρωκλείρ</em></span> <span class='ocrx_word' id='word_1_202' title='bbox 646 3217 756 3282; x_wconf 79' lang='lat' dir='ltr'>Castra</span> <span class='ocrx_word' id='word_1_203' title='bbox 779 3218 930 3282; x_wconf 89' lang='lat' dir='ltr'>Herculis</span> <span class='ocrx_word' id='word_1_204' title='bbox 953 3220 1060 3281; x_wconf 90' lang='lat' dir='ltr'>inesse</span> <span class='ocrx_word' id='word_1_205' title='bbox 1084 3219 1190 3301; x_wconf 88' lang='lat' dir='ltr'>quivis</span> <span class='ocrx_word' id='word_1_206' title='bbox 1217 3218 1310 3296; x_wconf 88' lang='lat' dir='ltr'>videt,</span> 
     </span>
     <span class='ocr_line' id='line_1_25' title="bbox 190 3328 1309 3414; baseline 0.001 -24"><span class='ocrx_word' id='word_1_207' title='bbox 190 3328 264 3390; x_wconf 90' lang='lat' dir='ltr'>alibi</span> <span class='ocrx_word' id='word_1_208' title='bbox 289 3348 353 3392; x_wconf 93' lang='lat' dir='ltr'>non</span> <span class='ocrx_word' id='word_1_209' title='bbox 378 3333 558 3409; x_wconf 79' lang='lat' dir='ltr'>nominata,</span> <span class='ocrx_word' id='word_1_210' title='bbox 585 3333 757 3414; x_wconf 89' lang='lat' dir='ltr'>omniaque</span> <span class='ocrx_word' id='word_1_211' title='bbox 781 3332 867 3414; x_wconf 94' lang='lat' dir='ltr'>apud</span> <span class='ocrx_word' id='word_1_212' title='bbox 893 3339 1069 3414; x_wconf 91' lang='lat' dir='ltr'>utrumque</span> <span class='ocrx_word' id='word_1_213' title='bbox 1092 3331 1200 3394; x_wconf 91' lang='lat' dir='ltr'>eodem</span> <span class='ocrx_word' id='word_1_214' title='bbox 1217 3331 1309 3392; x_wconf 92' lang='lat' dir='ltr'>modo</span> 
     </span>
     <span class='ocr_line' id='line_1_26' title="bbox 189 3442 1311 3526; baseline 0.002 -23"><span class='ocrx_word' id='word_1_215' title='bbox 189 3443 324 3505; x_wconf 91' lang='lat' dir='ltr'>redeunt</span> <span class='ocrx_word' id='word_1_216' title='bbox 338 3451 367 3520; x_wconf 69' lang='grc' dir='ltr'>’λ</span> <span class='ocrx_word' id='word_1_217' title='bbox 400 3442 462 3507; x_wconf 82' lang='lat' dir='ltr'>Sed</span> <span class='ocrx_word' id='word_1_218' title='bbox 487 3445 571 3526; x_wconf 93' lang='lat' dir='ltr'>quod</span> <span class='ocrx_word' id='word_1_219' title='bbox 597 3446 725 3526; x_wconf 89' lang='lat' dir='ltr'>majoris</span> <span class='ocrx_word' id='word_1_220' title='bbox 751 3447 912 3525; x_wconf 87' lang='lat' dir='ltr'>momenti,</span> <span class='ocrx_word' id='word_1_221' title='bbox 935 3464 998 3506; x_wconf 90' lang='lat' dir='ltr'>non</span> <span class='ocrx_word' id='word_1_222' title='bbox 1025 3445 1129 3506; x_wconf 90' lang='lat' dir='ltr'>solum</span> <span class='ocrx_word' id='word_1_223' title='bbox 1154 3463 1227 3506; x_wconf 92' lang='lat' dir='ltr'>cum</span> <span class='ocrx_word' id='word_1_224' title='bbox 1252 3444 1311 3505; x_wconf 88' lang='lat' dir='ltr'>hoo</span> 
     </span>
     <span class='ocr_line' id='line_1_27' title="bbox 190 3554 1307 3641; baseline 0.001 -24"><span class='ocrx_word' id='word_1_225' title='bbox 190 3554 316 3618; x_wconf 86' lang='lat' dir='ltr'>Libanii</span> <span class='ocrx_word' id='word_1_226' title='bbox 341 3557 410 3619; x_wconf 89' lang='lat' dir='ltr'>loco</span> <span class='ocrx_word' id='word_1_227' title='bbox 435 3559 611 3641; x_wconf 89' lang='lat' dir='ltr'>comparari</span> <span class='ocrx_word' id='word_1_228' title='bbox 636 3565 739 3641; x_wconf 88' lang='lat' dir='ltr'>potest</span> <span class='ocrx_word' id='word_1_229' title='bbox 764 3560 965 3636; x_wconf 90' lang='lat' dir='ltr'>Ammianus,</span> <span class='ocrx_word' id='word_1_230' title='bbox 992 3577 1101 3620; x_wconf 89' lang='lat' dir='ltr'>verum</span> <span class='ocrx_word' id='word_1_231' title='bbox 1127 3560 1221 3620; x_wconf 94' lang='lat' dir='ltr'>etiam</span> <span class='ocrx_word' id='word_1_232' title='bbox 1235 3575 1307 3619; x_wconf 92' lang='lat' dir='ltr'>cum</span> 
     </span>
     <span class='ocr_line' id='line_1_28' title="bbox 189 3671 1312 3754; baseline 0.002 -24"><span class='ocrx_word' id='word_1_233' title='bbox 189 3687 236 3747; x_wconf 92' lang='lat' dir='ltr'>eo,</span> <span class='ocrx_word' id='word_1_234' title='bbox 260 3688 355 3750; x_wconf 87' lang='lat' dir='ltr'>quem</span> <span class='ocrx_word' id='word_1_235' title='bbox 380 3678 453 3732; x_wconf 89' lang='lat' dir='ltr'>ante</span> <span class='ocrx_word' id='word_1_236' title='bbox 479 3671 564 3733; x_wconf 90' lang='lat' dir='ltr'>hunc</span> <span class='ocrx_word' id='word_1_237' title='bbox 589 3671 827 3754; x_wconf 89' lang='lat' dir='ltr'>descripsimus,</span> <span class='ocrx_word' id='word_1_238' title='bbox 851 3671 948 3753; x_wconf 90' lang='lat' dir='ltr'>idque</span> <span class='ocrx_word' id='word_1_239' title='bbox 970 3689 1007 3733; x_wconf 89' lang='lat' dir='ltr'>eo</span> <span class='ocrx_word' id='word_1_240' title='bbox 1032 3671 1134 3750; x_wconf 93' lang='lat' dir='ltr'>modo,</span> <span class='ocrx_word' id='word_1_241' title='bbox 1161 3676 1194 3733; x_wconf 92' lang='lat' dir='ltr'>ut</span> <span class='ocrx_word' id='word_1_242' title='bbox 1218 3689 1312 3752; x_wconf 89' lang='lat' dir='ltr'>saepe</span> 
     </span>
     <span class='ocr_line' id='line_1_29' title="bbox 189 3781 1311 3866; baseline 0.002 -24"><span class='ocrx_word' id='word_1_243' title='bbox 189 3784 381 3844; x_wconf 88' lang='lat' dir='ltr'>Ammianus</span> <span class='ocrx_word' id='word_1_244' title='bbox 406 3784 541 3845; x_wconf 91' lang='lat' dir='ltr'>similior</span> <span class='ocrx_word' id='word_1_245' title='bbox 563 3785 604 3847; x_wconf 90' lang='lat' dir='ltr'>sit</span> <span class='ocrx_word' id='word_1_246' title='bbox 628 3785 725 3866; x_wconf 88' lang='lat' dir='ltr'>priori</span> <span class='ocrx_word' id='word_1_247' title='bbox 749 3803 844 3866; x_wconf 89' lang='lat' dir='ltr'>quam</span> <span class='ocrx_word' id='word_1_248' title='bbox 868 3783 1035 3866; x_wconf 89' lang='lat' dir='ltr'>posteriori</span> <span class='ocrx_word' id='word_1_249' title='bbox 1056 3781 1181 3845; x_wconf 86' lang='lat' dir='ltr'>Libanii</span> <span class='ocrx_word' id='word_1_250' title='bbox 1195 3781 1264 3844; x_wconf 90' lang='lat' dir='ltr'>ioco</span> <span class='ocrx_word' id='word_1_251' title='bbox 1280 3781 1311 3860; x_wconf 75' lang='grc' dir='ltr'>Β).</span> 
     </span>
    </p>
   </div>
   <div class='ocr_carea' id='block_1_5' title="bbox 193 3939 333 3946">
    <p class='ocr_par' dir='ltr' id='par_1_5' title="bbox 193 3939 333 3946">
     <span class='ocr_line' id='line_1_30' title="bbox 193 3939 333 3946; baseline 0.014 -2"><span class='ocrx_word' id='word_1_252' title='bbox 193 3939 333 3946; x_wconf 74' lang='lat'>——-</span> 
     </span>
    </p>
   </div>
   <div class='ocr_carea' id='block_1_6' title="bbox 189 4029 1311 4368">
    <p class='ocr_par' dir='ltr' id='par_1_6' title="bbox 223 4029 512 4094">
     <span class='ocr_line' id='line_1_31' title="bbox 223 4029 512 4094; baseline 0.003 -15"><span class='ocrx_word' id='word_1_253' title='bbox 223 4029 251 4094; x_wconf 87' lang='grc'>1)</span> <span class='ocrx_word' id='word_1_254' title='bbox 267 4029 360 4094; x_wconf 83' lang='lat' dir='ltr'>XVIII,</span> <span class='ocrx_word' id='word_1_255' title='bbox 378 4029 402 4093; x_wconf 65' lang='grc' dir='ltr'>δ,</span> <span class='ocrx_word' id='word_1_256' title='bbox 413 4029 512 4080; x_wconf 87' lang='grc'>·8-19.</span> 
     </span>
    </p>

    <p class='ocr_par' dir='ltr' id='par_1_7' title="bbox 189 4121 1311 4368">
     <span class='ocr_line' id='line_1_32' title="bbox 223 4121 1311 4186; baseline 0.001 -16"><span class='ocrx_word' id='word_1_257' title='bbox 223 4121 251 4184; x_wconf 70' lang='lat'>2)</span> <span class='ocrx_word' id='word_1_258' title='bbox 268 4121 399 4172; x_wconf 84' lang='lat' dir='ltr'>Minutiae</span> <span class='ocrx_word' id='word_1_259' title='bbox 424 4137 533 4186; x_wconf 83' lang='lat' dir='ltr'>quoque</span> <span class='ocrx_word' id='word_1_260' title='bbox 558 4122 630 4172; x_wconf 90' lang='lat' dir='ltr'>iuter</span> <span class='ocrx_word' id='word_1_261' title='bbox 655 4137 683 4172; x_wconf 85' lang='lat' dir='ltr'>se</span> <span class='ocrx_word' id='word_1_262' title='bbox 701 4123 874 4186; x_wconf 85' lang='lat' dir='ltr'>conveniunt,</span> <span class='ocrx_word' id='word_1_263' title='bbox 891 4137 914 4172; x_wconf 90' lang='lat' dir='ltr'>e.</span> <span class='ocrx_word' id='word_1_264' title='bbox 932 4137 956 4186; x_wconf 78' lang='lat' dir='ltr'>g.</span> <span class='ocrx_word' id='word_1_265' title='bbox 974 4121 1069 4172; x_wconf 83' lang='lat' dir='ltr'>Caesar</span> <span class='ocrx_word' id='word_1_266' title='bbox 1086 4121 1185 4171; x_wconf 85' lang='lat' dir='ltr'>adserit</span> <span class='ocrx_word' id='word_1_267' title='bbox 1206 4126 1311 4184; x_wconf 83' lang='lat' dir='ltr'>pacato·</span> 
     </span>
     <span class='ocr_line' id='line_1_33' title="bbox 189 4214 1311 4277; baseline -0.002 -15"><span class='ocrx_word' id='word_1_268' title='bbox 189 4229 250 4262; x_wconf 92' lang='lat' dir='ltr'>rum</span> <span class='ocrx_word' id='word_1_269' title='bbox 278 4218 363 4264; x_wconf 84' lang='lat' dir='ltr'>terras</span> <span class='ocrx_word' id='word_1_270' title='bbox 389 4228 442 4263; x_wconf 91' lang='lat' dir='ltr'>uon</span> <span class='ocrx_word' id='word_1_271' title='bbox 466 4214 563 4263; x_wconf 83' lang='lat' dir='ltr'>debere</span> <span class='ocrx_word' id='word_1_272' title='bbox 581 4214 677 4264; x_wconf 86' lang='lat' dir='ltr'>calcari</span> <span class='ocrx_word' id='word_1_273' title='bbox 762 4228 795 4262; x_wconf 89' lang='lat' dir='ltr'>ue</span> <span class='ocrx_word' id='word_1_274' title='bbox 813 4214 930 4277; x_wconf 88' lang='lat' dir='ltr'>(eorum)</span> <span class='ocrx_word' id='word_1_275' title='bbox 949 4217 1037 4262; x_wconf 85' lang='lat' dir='ltr'>terrac</span> <span class='ocrx_word' id='word_1_276' title='bbox 1054 4217 1311 4274; x_wconf 89' lang='lat' dir='ltr'>corrumperentur:</span> 
     </span>
     <span class='ocr_line' id='line_1_34' title="bbox 190 4301 1129 4368; baseline -0.001 -16"><span class='ocrx_word' id='word_1_277' title='bbox 190 4305 202 4352; x_wconf 82' lang='grc' dir='ltr'><strong><em>ὁ</em></strong></span> <span class='ocrx_word' id='word_1_278' title='bbox 221 4303 246 4352; x_wconf 79' lang='grc' dir='ltr'>δὲ</span> <span class='ocrx_word' id='word_1_279' title='bbox 264 4303 349 4365; x_wconf 75' lang='grc' dir='ltr'><em>ἐχώρει</em></span> <span class='ocrx_word' id='word_1_280' title='bbox 366 4304 410 4361; x_wconf 68' lang='grc' dir='ltr'>τὴν</span> <span class='ocrx_word' id='word_1_281' title='bbox 425 4309 472 4352; x_wconf 78' lang='grc' dir='ltr'>τῶν</span> <span class='ocrx_word' id='word_1_282' title='bbox 492 4303 620 4354; x_wconf 81' lang='grc' dir='ltr'><em>ἐνσπόνδων</em></span> <span class='ocrx_word' id='word_1_283' title='bbox 638 4305 757 4368; x_wconf 73' lang='grc' dir='ltr'><em>παρεξιών,</em></span> <span class='ocrx_word' id='word_1_284' title='bbox 777 4304 838 4360; x_wconf 70' lang='grc' dir='ltr'>ὅπως</span> <span class='ocrx_word' id='word_1_285' title='bbox 854 4305 956 4364; x_wconf 45' lang='lat' dir='ltr'>pith...</span> <span class='ocrx_word' id='word_1_286' title='bbox 972 4321 997 4350; x_wconf 87' lang='grc' dir='ltr'>τι</span> <span class='ocrx_word' id='word_1_287' title='bbox 1014 4301 1129 4363; x_wconf 67' lang='grc' dir='ltr'><em>βλάψειε.</em></span> 
     </span>
    </p>
   </div>
   <div class='ocr_carea' id='block_1_7' title="bbox 190 4391 1313 4550">
    <p class='ocr_par' dir='ltr' id='par_1_8' title="bbox 190 4391 1313 4550">
     <span class='ocr_line' id='line_1_35' title="bbox 224 4391 1312 4460; baseline 0 -16"><span class='ocrx_word' id='word_1_288' title='bbox 224 4394 252 4460; x_wconf 90' lang='grc'>3)</span> <span class='ocrx_word' id='word_1_289' title='bbox 269 4395 427 4446; x_wconf 84' lang='lat' dir='ltr'>Posterioris</span> <span class='ocrx_word' id='word_1_290' title='bbox 453 4396 504 4446; x_wconf 89' lang='lat' dir='ltr'>loci</span> <span class='ocrx_word' id='word_1_291' title='bbox 530 4395 591 4446; x_wconf 84' lang='lat' dir='ltr'>fluis</span> <span class='ocrx_word' id='word_1_292' title='bbox 618 4394 660 4446; x_wconf 89' lang='lat' dir='ltr'>hic</span> <span class='ocrx_word' id='word_1_293' title='bbox 685 4399 724 4446; x_wconf 87' lang='lat' dir='ltr'>est</span> <span class='ocrx_word' id='word_1_294' title='bbox 741 4395 782 4460; x_wconf 79' lang='lat' dir='ltr'>(F.</span> <span class='ocrx_word' id='word_1_295' title='bbox 801 4394 859 4456; x_wconf 73' lang='lat'>274,</span> <span class='ocrx_word' id='word_1_296' title='bbox 876 4395 906 4446; x_wconf 87' lang='lat' dir='ltr'>R.</span> <span class='ocrx_word' id='word_1_297' title='bbox 924 4393 1002 4457; x_wconf 83' lang='lat'>551):</span> <span class='ocrx_word' id='word_1_298' title='bbox 1020 4392 1061 4442; x_wconf 72' lang='grc' dir='ltr'>καὶ</span> <span class='ocrx_word' id='word_1_299' title='bbox 1076 4396 1134 4442; x_wconf 76' lang='grc' dir='ltr'><em>τότε</em></span> <span class='ocrx_word' id='word_1_300' title='bbox 1153 4391 1181 4449; x_wconf 76' lang='grc' dir='ltr'>δὴ</span> <span class='ocrx_word' id='word_1_301' title='bbox 1199 4395 1256 4450; x_wconf 75' lang='grc' dir='ltr'>τοὺς</span> <span class='ocrx_word' id='word_1_302' title='bbox 1273 4392 1312 4444; x_wconf 80' lang='grc' dir='ltr'>ἐπὶ</span> 
     </span>
     <span class='ocr_line' id='line_1_36' title="bbox 190 4482 1313 4550; baseline 0.001 -16"><span class='ocrx_word' id='word_1_303' title='bbox 190 4489 234 4542; x_wconf 69' lang='grc' dir='ltr'>τὴν</span> <span class='ocrx_word' id='word_1_304' title='bbox 259 4485 345 4547; x_wconf 71' lang='grc' dir='ltr'><em>εἰρήνην</em></span> <span class='ocrx_word' id='word_1_305' title='bbox 363 4490 554 4550; x_wconf 75' lang='grc' dir='ltr'>καταφυγόντας</span> <span class='ocrx_word' id='word_1_306' title='bbox 573 4485 668 4550; x_wconf 67' lang='grc' dir='ltr'><em>ἐπῄνουν</em></span> <span class='ocrx_word' id='word_1_307' title='bbox 686 4491 726 4536; x_wconf 77' lang='grc' dir='ltr'>καὶ</span> <span class='ocrx_word' id='word_1_308' title='bbox 744 4482 797 4541; x_wconf 75' lang='grc' dir='ltr'><em>ἧκον</em></span> <span class='ocrx_word' id='word_1_309' title='bbox 814 4491 860 4534; x_wconf 78' lang='grc' dir='ltr'>τῶν</span> <span class='ocrx_word' id='word_1_310' title='bbox 875 4484 953 4534; x_wconf 71' lang='grc' dir='ltr'><em>αὐτῶν</em></span> <span class='ocrx_word' id='word_1_311' title='bbox 972 4483 1010 4536; x_wconf 82' lang='grc' dir='ltr'>ἐπὶ</span> <span class='ocrx_word' id='word_1_312' title='bbox 1028 4485 1078 4540; x_wconf 78' lang='grc' dir='ltr'><em>τοῖς</em></span> <span class='ocrx_word' id='word_1_313' title='bbox 1094 4482 1176 4542; x_wconf 75' lang='grc' dir='ltr'><em>αὐτοῖς</em></span> <span class='ocrx_word' id='word_1_314' title='bbox 1192 4485 1313 4550; x_wconf 72' lang='grc' dir='ltr'><em>ἀξιοῦντες</em></span> 
     </span>
    </p>
   </div>
   <div class='ocr_carea' id='block_1_8' title="bbox 0 0 1630 5304">
    <p class='ocr_par' dir='ltr' id='par_1_9' title="bbox 0 0 1630 5304">
     <span class='ocr_line' id='line_1_37' title="bbox 0 0 1630 5304; baseline 0 0"><span class='ocrx_word' id='word_1_315' title='bbox 0 0 1630 5304; x_wconf 95' lang='lat' dir='ltr'> </span> 
     </span>
    </p>
   </div>
  </div>
 </body>
</html>
