3240 5304
808 505 848 568 56

261 690 501 771 prouincialium
538 691 656 774 inuenti
688 693 754 774 iam
786 694 894 777 fauore
927 695 1085 778 renuebat,
1120 697 1218 761 caeeis
1249 696 1389 763 Francis

264 812 359 892 atque
392 805 586 872 Alamannis
619 809 778 894 captisque
811 829 916 873 eorum
945 810 1076 894 reptans,
1107 832 1184 898 quos
1208 813 1302 876 etiam
1325 812 1390 877 bes·

265 919 318 984 tiis
342 968 368 984 ..
382 969 388 984 .
402 970 408 983 .
433 921 541 1003 objecit
552 921 584 999 1).

312 1033 469 1099 lausans
484 1036 524 1115 ΙΙ);
557 1037 595 1108 ὡς
626 1030 673 1099 οὖν
703 1033 756 1100 ἐπὶ
781 1043 836 1110 τῆς
858 1037 1020 1113 βασιλείας
1045 1034 1144 1119 ἵδρυτο
1159 1087 1256 1112 .....
1280 1035 1335 1103 ὅσα
1356 1065 1391 1104 τε

265 1147 336 1225 γε’νκ
369 1147 528 1230 βαρβαρων
563 1153 620 1214 τῶν
651 1150 738 1230 αμφὶ
770 1150 865 1222 Ῥῆνον
891 1151 1031 1228 ποταμὸν
1055 1151 1185 1231 ἓσπίριίν
1208 1177 1243 1216 τε
1267 1153 1391 1217 ὠκεανὸν

237 1267 241 1278 “
266 1261 400 1326 οἰκοῦντα
424 1260 598 1342 στασιοίζειν
621 1263 749 1340 ἐτόλμα,
776 1263 862 1327 ποίνί
889 1263 1081 1338 ὑποτοίττων,
1105 1261 1201 1345 ἥμερα
1221 1263 1390 1340 ἕξοὶτιίοίσ-

266 1398 322 1438 σων
346 1373 572 1456 κατειργοίζετο,
597 1374 684 1440 ἄλλα
708 1376 734 1440 δ’
756 1377 950 1441 ἀναστέλλων
970 1375 1067 1460 ὥσπερ
1080 1378 1164 1452 τινας
1176 1380 1262 1459 θῆρας
1275 1379 1391 1459 οὲγρίοος

267 1489 416 1567 οὶπεσόβει
440 1496 495 1562 τῆς
518 1490 635 1564 οἰκείας.

311 1603 453 1668 Joaunus
485 1605 704 1668 Anrrocnnuus
720 1606 758 1682 ⁸):
785 1604 886 1677 πολλὴ
911 1605 943 1669 δέ
967 1629 1012 1678 τις
1036 1614 1180 1686 κατεῖχεν
1203 1606 1299 1672 εὔνοια
1323 1608 1391 1680 τοὺς

269 1717 459 1798 στρατιώτας
483 1719 524 1790 είς
548 1719 596 1781 τὸν
617 1725 832 1782 Κωνσταντῖνον
858 1717 908 1783 διοί
931 1743 966 1783 τε
988 1717 1076 1783 duaa
1099 1720 1150 1784 uui
1173 1721 1228 1793 aiau
1251 1721 1279 1784 ἕν
1301 1720 1391 1785 πολέ-

269 1854 336 1908 μοις
371 1830 526 1909 εὐτυχίαν.
564 1831 719 1909 Φραγκοὺς
750 1829 809 1912 γοίρ
841 1857 877 1896 τε
900 1833 952 1896 καί
976 1832 1199 1909 Ἀλαριαννοιίς,
1223 1829 1249 1897 οἳ
1273 1839 1392 1898 Κελτῶν

268 1945 324 2008 εἶσι
349 1944 548 2025 δυνατώτεροι,
572 1953 762 2029 πανστρατιᾷ
786 1945 962 2027 διαφθείρας
986 1947 1036 2010 καὶ
1060 1946 1129 2019 τοὺς
1153 1949 1303 2025 ἡγεμόνας
1325 1946 1391 2011 τού-

269 2083 326 2122 των
349 2060 422 2122 ἑλὼν
446 2061 474 2122 ἐν
499 2069 536 2140 τῇ
562 2063 618 2123 τῶν
638 2059 787 2124 ἐπινικίων
808 2059 971 2141 πανηγύρει
985 2060 1214 2138 διαγωνίσασθαι
1230 2061 1299 2141 πρὸς
1312 2060 1392 2139 inpia

270 2172 500 2238 κατεσκεύασεν.

313 2288 449 2352 Photius
461 2288 680 2352 Pnaxasonau
692 2290 793 2353 citans
807 2287 829 2368 ⁴)
841 2311 846 2352 :
860 2288 1058 2369 (Constantio
1072 2295 1209 2369 mortuo)
1221 2289 1234 2352 ὃ
1247 2296 1320 2362 ταῖς
1330 2337 1336 2352 .
1348 2339 1354 2353 .
1367 2338 1392 2354 ..

270 2401 403 2475 Κελτοὺς
423 2400 474 2465 καί
496 2401 669 2480 Γερμανούς,
691 2399 751 2476 idun
767 2402 907 2482 πρόσοικα
919 2403 970 2467 καὶ
984 2403 1138 2484 βάρβαρα,
1151 2401 1392 2483 κατεστρέψατο.

317 2518 358 2580 At
392 2516 637 2599 diligentissime
672 2517 893 2599 inspiciendus
928 2521 976 2580 est
1006 2515 1141 2580 Numan
1165 2515 1394 2599 Panegyricus.

270 2629 335 2693 Ubi
359 2630 436 2693 haec
458 2627 725 2709 inveniuntur⁵):
750 2629 801 2692 Tu
824 2629 1028 2712 fermissimis
1051 2627 1173 2710 repibus
1196 2628 1347 2691 Ascarico
1367 2632 1395 2690 et

269 2743 375 2806 comite
406 2762 461 2806 suo
492 2743 592 2822 captis
622 2749 710 2806 tauta
734 2743 828 2806 laude
850 2763 901 2806 res
925 2741 1049 2806 bellicas
1071 2743 1252 2822 auspicatus
1276 2761 1395 2819 es....;

270 2862 313 2938 tu,
347 2857 526 2937 imperator,
556 2856 591 2920 in
622 2856 701 2939 ipsis
732 2855 857 2938 inperii
880 2855 927 2918 tui
949 2854 1122 2936 cunabulis,
1145 2854 1238 2941 quasi
1259 2854 1396 2936 pominus

271 2969 423 3033 dracones
452 2987 589 3050 necares,
610 2989 667 3051 per
690 2968 940 3031 saevissimorum
964 2987 1072 3048 repam
1094 2967 1219 3050 famosa
1242 2967 1396 3050 supplicia

271 3082 406 3146 ludebas.
442 3082 563 3146 Franci
591 3083 653 3165 ipsi
675 3086 801 3164 praeter
823 3085 935 3144 cetoros
958 3086 1070 3161 truces,
1093 3099 1226 3166 quorum
1249 3081 1303 3162 uis,
1326 3101 1396 3143 cuno

271 3196 314 3260 ad
336 3195 414 3259 belia
437 3194 650 3275 manesceret,
673 3194 761 3259 ultra
782 3195 885 3278 ipsum
903 3213 1050 3258 oceanum
1063 3197 1151 3256 aestu
1163 3193 1396 3276 furorisooecta

271 3308 507 3392 Hispaniarum
541 3309 635 3372 etiam
665 3328 738 3372 oras
762 3310 862 3372 armis
884 3308 1021 3391 infestas
1044 3306 1173 3371 habebat
1187 3304 1219 3388 ⁶),
1243 3306 1276 3369 ta·
1298 3307 1396 3392 iyitur

298 3548 584 3635 ’1)(ΞοηίθτῐΒνωειωε
602 3571 649 3636 (il.
669 3586 693 3634 p.
712 3569 773 3634 am)
794 3571 912 3634 Lact.(‘?)
931 3570 963 3619 de
982 3574 1060 3619 mort.
1080 3583 1146 3631 pers.
1166 3565 1212 3617 29:
1232 3568 1395 3618 Francorum

271 3665 337 3726 gens
354 3663 383 3712 in
400 3664 482 3712 armis
499 3668 556 3712 erat
576 3679 599 3713 e.
609 3678 634 3725 q.
645 3679 664 3711 s¹

304 3753 332 3819 α)
350 3754 409 3803 Vita
427 3753 593 3804 Constantini
611 3756 630 3813 1,
648 3754 689 3804 25.

305 3842 333 3909 3)
351 3845 440 3908 Frgm.
457 3843 507 3894 169
525 3846 640 3910 (Fragm.
660 3845 726 3894 Hist.
745 3846 837 3896 Graec.
856 3845 898 3907 tv,
916 3843 966 3894 603
984 3845 1043 3908 sq.).

306 3935 333 4000 4)
351 3934 417 3984 Bibl.
435 3934 495 3985 Ccd.
513 3934 554 3984 62.

305 4026 333 4092 5)
350 4026 447 4092 Paneg.
464 4027 496 4086 X,
513 4025 625 4090 16-18;
644 4026 751 4076 habitus
769 4042 839 4076 anno
856 4026 914 4076 321,

303 4116 331 4184 6)
349 4118 376 4169 Si
400 4119 432 4168 de
451 4118 618 4182 expeditione
637 4120 780 4182 Hispaniae
799 4119 911 4169 Gallieni
929 4120 1098 4182 temporibus
1118 4121 1187 4170 sacta
1204 4119 1326 4182 loquitur
1344 4118 1396 4168 Na·

271 4212 366 4275 zariae,
389 4216 437 4262 aut
452 4211 507 4276 jam
525 4226 555 4261 ec
573 4216 694 4275 tempore
713 4212 826 4261 navibus
845 4226 974 4262 oceanum
995 4213 1202 4275 pervolaverunt
1221 4212 1396 4275 (quamquam

271 4319 319 4369 per
345 4304 457 4354 Galliam
486 4318 591 4367 vagasse
618 4308 644 4352 et
670 4301 753 4352 Gallia
780 4303 883 4367 direpta
911 4303 1066 4368 Hispaniam
1093 4303 1242 4354 obtinuisse
1260 4303 1397 4366 dicuntur,

270 4397 339 4461 quod
359 4397 443 4446 multo
463 4396 558 4446 meiius
574 4395 606 4445 de
616 4394 785 4459 expeditione
796 4396 913 4459 pedestri
923 4396 1094 4460 explicatur),
1102 4400 1149 4445 aut
1161 4410 1213 4445 non
1223 4395 1291 4445 bene
1300 4395 1395 4445 distin-

267 4489 324 4554 guit
343 4488 414 4538 inter
432 4488 501 4537 hanc
519 4487 716 4550 expeditionem
726 4492 752 4537 et
763 4489 939 4551 posteriorem
949 4489 977 4537 in
989 4487 1127 4538 Graeciam
1138 4485 1257 4538 Siciliain
1267 4486 1397 4537 Africam.
