3240 5304
252 761 445 826 Batavorum
465 761 618 828 finitimos
638 763 861 828 meridionales
874 762 1003 830 Pmurus
1016 761 1109 828 nobis
1121 761 1332 828 enumerabit.

208 875 332 956 „Gallia
356 879 461 941 omnis
486 875 617 942 Comata
640 897 706 941 uno
730 879 862 942 nomine
884 877 1041 962 appellata
1063 879 1096 940 in
1117 878 1179 942 tria
1198 876 1330 960 populo-

205 1009 279 1053 rum
313 1009 432 1073 genera
467 990 623 1054 dividitur
646 990 796 1054 amnibus
822 993 961 1056 maxime
987 991 1145 1056 distincta.
1170 991 1199 1054 A
1223 989 1331 1055 Scaldi

205 1103 246 1166 ad
270 1103 452 1188 Sequanam
473 1103 644 1188 Belgica..
659 1154 665 1166 .
680 1154 686 1168 .
708 1106 737 1168 A
750 1104 855 1169 Scaldi
868 1105 1014 1169 incolunt
1027 1111 1136 1169 extera
1147 1103 1331 1169 Texuandri

204 1216 353 1301 pluribus
378 1217 574 1299 nominibus,
598 1218 672 1281 dein
697 1217 836 1302 Menapi,
861 1217 976 1283 Morini
997 1237 1052 1282 ora
1064 1217 1218 1282 Marsacis
1226 1219 1332 1300 juncti

206 1352 287 1416 pago
323 1334 380 1415 qui
415 1330 604 1397 Chersiacus
629 1336 771 1412 vocatur,
794 1331 951 1414 Britanni,
975 1332 1138 1414 Ambiani,
1159 1331 1332 1412 Bellovaci,

206 1445 322 1510 Bassi''
354 1466 379 1510 o.
394 1467 422 1530 q.
436 1467 459 1511 s.
475 1448 506 1525 ¹).
539 1446 637 1511 Hunc
669 1447 774 1511 locum
808 1466 870 1510 non
903 1447 1064 1511 intellexit
1100 1452 1131 1510 et
1154 1446 1225 1510 ideo
1250 1446 1331 1510 malo

207 1561 378 1643 explicavit
400 1560 498 1626 Znuss
511 1558 552 1642 2);
577 1545 671 1643 ,dass
685 1561 812 1624 Plinius
824 1561 886 1624 alle
898 1561 985 1625 diese
997 1559 1118 1624 Vtiliter
1130 1559 1186 1624 der
1198 1558 1332 1624 Schelde

208 1675 351 1739 westlich
383 1680 472 1757 setat,
496 1678 538 1739 ist
560 1673 836 1759 Versehiebung,''
860 1696 888 1738 v.
913 1675 941 1738 d.
965 1678 1098 1738 annotat
1124 1693 1203 1754 „aus
1226 1675 1333 1738 soiner

207 1762 417 1873 Vorstellung
440 1789 641 1870 entstanden,
666 1788 740 1853 dasz
765 1789 817 1853 die
841 1788 1020 1853 Germanen
1046 1787 1094 1852 bis
1118 1807 1178 1852 zur
1197 1787 1332 1852 Schelde

207 1902 374 1982 wohnten3
413 1922 475 1966 von
511 1904 566 1967 der
601 1901 700 1982 Meas,
732 1904 820 1966 nicht
851 1922 913 1966 von
938 1904 994 1968 der
1018 1902 1161 1984 Schelde,
1185 1903 1226 1966 ist
1249 1901 1330 1964 nach

205 2015 288 2079 allen
308 2015 393 2080 alten
414 2015 629 2081 Nachrichten
655 2018 711 2082 der
735 2019 865 2102 Antang
888 2039 929 2082 zu
955 2016 1125 2082 nehmen.''
1149 2016 1332 2084 Credidisse

207 2129 351 2196 Plinium
386 2150 491 2215 usqne
526 2131 566 2195 ad
597 2130 736 2195 Scaldim
768 2131 928 2198 habitasse
959 2131 1137 2196 Germanos
1160 2152 1267 2217 neque
1290 2152 1331 2197 ex

208 2245 267 2308 hoc
289 2245 359 2308 loco
383 2247 532 2329 sequitur
555 2264 661 2330 neque
684 2265 725 2310 ex
749 2247 848 2311 altero
862 2243 895 2327 ³),
916 2247 972 2331 qui
992 2245 1126 2311 fortasse
1144 2248 1177 2310 in
1191 2266 1331 2312 errorem

208 2359 303 2424 duxit
334 2361 441 2423 virum
470 2359 618 2425 doctum:
655 2366 740 2442 ,toto
764 2366 870 2426 autem
896 2363 976 2425 mari
999 2362 1040 2426 ad
1063 2361 1201 2427 Scaldim
1230 2381 1334 2447 nsque

207 2473 344 2545 fluvium
370 2473 558 2540 Germaniae
581 2475 731 2540 accolunt
753 2475 895 2560 gentes‘'.
921 2475 984 2540 Ubi
1008 2477 1088 2539 nihil
1108 2476 1186 2540 dicit
1204 2477 1332 2542 Pmuros

207 2589 270 2653 nisi
293 2589 362 2670 hoc,
386 2590 426 2650 in
451 2592 578 2653 maris
602 2591 753 2654 littore
777 2592 932 2656 interesse
954 2590 1094 2655 Scaldim
1118 2593 1202 2656 inter
1223 2591 1332 2657 Gallos

208 2707 240 2766 et
270 2701 447 2765 Germanos
478 2707 509 2766 et
544 2705 624 2786 quin
655 2722 730 2768 vere
765 2705 824 2768 hoc
855 2704 1070 2788 perhibeatur,
1104 2725 1170 2769 non
1201 2711 1251 2771 est
1274 2725 1333 2770 cur

210 2815 403 2880 dubitemus.
439 2814 605 2892 Quomodo
640 2836 692 2880 res
723 2836 758 2881 se
781 2817 895 2881 habeat
918 2819 952 2880 in
975 2823 1060 2882 terra
1082 2820 1242 2902 interiore,
1266 2839 1331 2884 non

209 2930 293 2993 dicit.
324 2929 473 3012 itemque
503 2936 611 2994 nostro
642 2931 722 3013 loco,
745 2933 828 2995 sicut
851 2933 946 2996 etiam
971 2930 1152 3015 Sequanam
1178 2953 1242 2996 non
1266 2938 1332 2998 toto

208 3063 305 3108 cursu
342 3065 360 3106 a
396 3043 525 3128 Belgica
557 3043 808 3128 Lugdunensem
845 3045 988 3110 dividere
1022 3051 1156 3127 constat,
1180 3048 1234 3128 ita,
1258 3068 1331 3112 cum

209 3176 333 3222 amnem
359 3159 526 3223 nominare
548 3159 617 3222 vult
638 3158 814 3224 Germanos
828 3180 845 3222 a
859 3159 959 3224 Gallis
973 3160 1233 3244 distinguentem,
1246 3160 1340 3225 Scal-

208 3270 273 3333 dim
297 3271 382 3351 dicit,
406 3273 499 3353 cujus
523 3292 559 3335 os
583 3273 696 3336 saltem
721 3290 775 3336 eos
796 3273 993 3356 distinguere
1006 3253 1204 3357 compertum
1218 3275 1332 3338 habet:

209 3383 332 3448 Mosam
357 3404 415 3448 cur
436 3404 500 3448 non
526 3387 714 3469 nominaret,
738 3405 836 3450 causa
856 3387 884 3450 ei
898 3405 968 3451 esse
980 3389 1094 3470 potuit,
1108 3388 1195 3471 quod
1206 3388 1333 3453 insulae

208 3499 292 3561 inter
315 3496 423 3562 Mosae
446 3503 478 3562 et
501 3497 626 3563 Scaldis
640 3519 695 3562 ora
707 3500 786 3563 sitas
798 3519 816 3563 a
830 3499 998 3564 Germanis
1011 3501 1193 3564 colerentur
1205 3500 1238 3581 ⁴).
1250 3499 1330 3565 Tum

209 3630 345 3695 pergens
372 3617 409 3694 „a
433 3611 560 3676 Scaldi”
585 3612 727 3677 habitare
750 3613 821 3678 illas
846 3615 992 3677 nationes
1017 3619 1127 3678 extera
1147 3614 1239 3695 dicit;
1261 3617 1333 3698 qui·

243 3911 270 3974 1)
288 3911 348 3963 Nat.
367 3912 442 3974 nist,
460 3911 576 3976 1v‚105.

243 4003 271 4068 2)
289 4005 306 4053 l.
324 4004 341 4054 l.
361 4018 385 4067 p.
402 4001 462 4053 210.

243 4093 271 4158 3)
289 4095 349 4144 Nat.
368 4095 444 4156 hist,
461 4094 503 4158 IV,
521 4093 562 4144 98.

242 4186 270 4248 4)
288 4186 362 4244 Quod
380 4187 461 4235 etiam
479 4201 494 4235 e
512 4187 560 4236 dea
578 4185 710 4236 Germana
731 4186 897 4237 Nehalennia
916 4186 943 4236 in
954 4185 1052 4236 insulis
1062 4186 1163 4236 Scaldis
1174 4188 1245 4238 culta
1257 4188 1333 4250 sequi

209 4278 347 4328 contendit
364 4278 446 4328 Maon
463 4278 492 4328 in
509 4279 536 4328 P.
557 4279 584 4328 B.
603 4279 631 4328 B.
649 4277 691 4329 17.
709 4279 769 4344 (Die
788 4279 939 4329 Germanou
959 4293 1002 4328 am
1021 4277 1332 4343 Niederrhein),p.l52;

207 4370 314 4420 aliaest
334 4371 428 4420 Bonuu
446 4371 536 4433 opinio
554 4375 663 4434 propter
680 4385 773 4420 causas
791 4371 1022 4435 anthropologicus
1043 4369 1124 4420 Celtis
1142 4371 1190 4418 has
1209 4371 1331 4435 regiones

205 4460 351 4510 tribuentis
366 4461 415 4526 (De
434 4461 618 4524 verspr·eiding
635 4476 686 4510 van
704 4463 749 4511 het
768 4461 894 4512 blondine
912 4476 945 4511 en
963 4460 1090 4511 brunetto
1109 4465 1171 4526 type
1181 4462 1210 4512 in
1221 4461 1325 4512 Neder·

205 4552 277 4618 land,
293 4552 322 4602 in
340 4552 424 4603 Versl.
440 4553 465 4602 d.
483 4553 549 4602 Kon.
567 4552 646 4603 head.
665 4569 687 4602 v.
707 4553 793 4617 Wet.;
814 4554 853 4607 W.
873 4567 907 4602 en
926 4552 958 4602 N.
980 4551 1031 4603 aid.
1049 4551 1109 4616 Xll,
1127 4551 1152 4616 2,
1171 4568 1196 4616 p.
1213 4550 1282 4617 920).
