3240 5304
844 470 884 531 72

344 654 432 728 Γνοὺς
461 655 493 718 δὲ
527 651 622 718 ποίλιν
646 652 811 731 διαβαίνειν
835 652 886 717 καί
911 650 1016 717 σποίνει
1041 650 1150 715 πλοίιον
1175 648 1288 725 ίππους
1311 677 1347 716 σε
1371 652 1420 715 καί

299 767 431 839 ίπλίπας
464 773 520 830 νεῖν
553 765 737 842 οίναγκοίσας
763 767 861 847 προῄει
888 766 930 831 σοὶ
953 767 1007 844 μὲν
1032 767 1115 846 δικῶν,
1140 766 1181 831 ποί
1205 767 1236 830 δὲ
1263 765 1421 843 κτώμενος,

300 880 412 944 ἐκώλυε
448 881 478 944 δὲ
513 879 613 952 οὐδείς.
650 880 705 959 tot
736 879 767 943 δὲ
798 903 874 944 ποτε
897 880 922 944 οί
945 880 1110 960 δυστυχεῖς
1134 879 1261 944 ἱκέτευον
1285 879 1347 943 δέον
1370 880 1421 960 πρὸ

300 998 352 1058 τοῦ
390 993 486 1074 πυρίς.
518 993 531 1056 ί
564 993 596 1057 δὲ
620 991 698 1066 ίίκειν
718 995 772 1068 τὴν
797 993 908 1074 ἡμέραν
930 992 1064 1071 νομίσας,
1090 987 1105 1066 ἣ
1132 992 1174 1057 τὰ
1197 998 1254 1058 πῶν
1277 997 1422 1057 Γαλατῶν

300 1106 485 1187 θεραπεύσειν
520 1104 644 1184 ἔμελλε,
672 1107 706 1172 πὸ
731 1107 786 1185 μὲν
811 1111 927 1187 πρῶτον
950 1106 1060 1180 αὐτοὺς
1084 1105 1202 1184 οίπίμιος
1225 1106 1422 1185 ἀπέπεμψεν,

302 1223 338 1294 ιίς
372 1221 398 1284 δ’
434 1215 516 1294 αὖθις
547 1216 615 1294 ἧκον
639 1221 749 1294 αὐτοὺς
773 1225 899 1299 οἳνονπες
925 1220 1029 1293 ίκέπας
1052 1219 1121 1293 τοὺς
1147 1220 1286 1298 βασιλεῖς
1310 1220 1419 1284 καὶτὸ

301 1340 450 1414 σκῆπτρον
474 1333 597 1414 ἔχοντες
620 1333 662 1406 είς
684 1341 740 1412 γῆν
760 1331 895 1406 ἔκυπτον,
916 1335 1093 1412 ἀναμνήσας
1112 1340 1167 1407 τῆς
1185 1342 1302 1408 πολλῆς
1315 1330 1424 1412 ίίβρευς

302 1447 353 1512 καί
388 1452 445 1512 πῶν
480 1445 587 1527 μυρίων
622 1445 808 1524 παίκμοίπυν
841 1448 971 1510 ὠνεῖσθαι
1004 1446 1058 1518 πὶνν
1089 1447 1197 1525 είριίνκν
1229 1446 1347 1510 ε’κίλευε
1371 1455 1424 1519 τῆς

303 1559 408 1633 ίασειος
430 1565 485 1624 πῶν
510 1564 607 1623 κακῶν
630 1559 731 1633 πόλεις
754 1560 808 1638 μὲν
832 1560 1007 1640 ε’μείρονπας,
1032 1560 1165 1638 σώματα
1189 1561 1215 1623 δ’
1235 1560 1377 1638 ίιγονπας.
1401 1561 1425 1624 οἱ

303 1675 335 1738 δὲ
372 1673 551 1752 ὡμολόγουν.
585 1674 738 1759 Sequitur
772 1675 943 1758 descriptio
964 1675 1003 1738 de
1027 1675 1116 1758 ligno
1140 1675 1224 1738 ferro
1249 1677 1428 1759 captivisa

305 1788 449 1853 barbaris
470 1790 622 1853 remissis.

348 1901 411 1966 Hic
446 1903 536 1966 locus
572 1921 645 1965 cum
683 1903 776 1965 tertio
814 1903 978 1965 Ammiani
1015 1921 1080 1964 non
1115 1907 1179 1965 tam
1211 1902 1424 1987 fatiloquam

304 2015 378 2097 duo,
413 2035 495 2098 qnos
525 2017 590 2098 jam
626 2017 846 2095 tractavimus,
868 2021 1079 2097 comparatur.
1103 2014 1184 2077 Nam
1209 2015 1289 2078 nihil
1314 2017 1366 2078 hic
1390 2017 1428 2079 dc

305 2134 506 2211 transgresso
536 2126 680 2209 flumine,
704 2128 742 2192 de
766 2130 909 2192 remissis
934 2128 1058 2211 legatis,
1082 2129 1121 2191 de
1145 2128 1329 2192 civitatibus
1354 2148 1426 2212 cap·

304 2243 444 2325 tivisque
479 2243 635 2305 restitutis
670 2241 815 2324 legimus.
853 2241 962 2305 Unum
999 2242 1220 2304 tantummodo
1258 2245 1424 2326 congruit:

306 2356 498 2418 Ammianus
518 2354 556 2417 de
568 2354 680 2435 legatis
694 2355 784 2417 humi
797 2357 964 2437 prostratis
977 2355 1137 2438 loquitur3
1153 2353 1286 2418 Libanio
1299 2364 1429 2419 auctore

305 2468 401 2551 legati
425 2467 466 2539 είς
489 2475 545 2544 γῆν
571 2464 718 2541 ἔκυπτονς
744 2473 847 2531 cetera
872 2475 949 2531 sunt
973 2469 1207 2532 diversissima:
1229 2469 1314 2550 apud
1336 2468 1427 2530 illum

305 2583 485 2646 caeduntur
516 2583 754 2664 rapianturque
785 2582 901 2662 hostes,
933 2582 1019 2664 apud
1050 2583 1136 2644 hunc
1161 2601 1253 2645 nemo
1276 2581 1429 2645 Romanis

305 2694 559 2778 irrumpentibus
583 2696 719 2772 resistit;
746 2695 831 2777 apud
854 2694 947 2757 ilium
972 2697 1005 2756 in
1027 2715 1096 2776 sua,
1116 2695 1200 2777 apud
1214 2696 1299 2758 hunc
1312 2697 1343 2756 in
1359 2697 1428 2758 hos·

305 2810 387 2871 tium
412 2810 513 2890 patria
524 2807 678 2872 Julianus
691 2815 746 2871 est.
761 2807 850 2871 Licet
859 2810 958 2890 igitur
971 2808 1066 2890 legati
1080 2809 1168 2872 humi
1183 2810 1331 2891 prostrati
1345 2809 1428 2890 apud

307 2920 477 2984 Libanium
504 2940 544 2984 ex
568 2921 678 2984 eodem
699 2921 787 2984 fonte
800 2922 906 2984 hausti
919 2924 993 3001 sint,
1008 2921 1093 2985 unde
1104 2927 1170 2985 tota
1182 2923 1346 2984 Ammiani
1360 2941 1431 2983 nar-

307 3037 397 3117 ratio,
421 3035 507 3119 quod
521 3037 560 3099 ad
573 3056 733 3100 summam
748 3055 813 3099 rem
827 3037 939 3099 attinet
951 3036 1039 3098 aliud
1051 3036 1178 3098 facinus
1191 3042 1304 3098 tractat
1316 3037 1430 3098 rhetor.

307 3149 478 3233 Nusquam
514 3149 590 3212 alibi
626 3152 702 3232 equi
735 3151 917 3233 militesque
941 3157 1178 3213 transnatantes
1202 3151 1431 3229 inveniuntur;

308 3263 433 3346 reliqua
458 3281 542 3343 vero,
567 3261 661 3345 legati
686 3282 749 3325 non
776 3264 882 3325 statim
897 3263 1041 3325 exauditi
1054 3259 1087 3342 ¹),
1100 3264 1238 3327 hostium
1254 3270 1336 3326 terra
1349 3262 1431 3326 ferro

307 3378 441 3461 ignique
466 3382 597 3457 vastata,
621 3375 742 3440 flumen
764 3383 1009 3459 transgressum,
1023 3378 1140 3460 captivi
1153 3398 1171 3439 a
1184 3376 1327 3440 barbaris
1339 3377 1431 3440 redu·

308 3511 371 3570 ces,
394 3491 456 3553 alio
481 3490 624 3573 ejusdcm
650 3489 775 3552 Libanii
801 3489 868 3552 loco
890 3491 1042 3568 redeunt3
1056 3491 1164 3572 itaque
1177 3491 1258 3553 duas
1271 3491 1310 3552 de
1322 3491 1432 3553 eadem

308 3623 343 3668 re
373 3605 591 3685 composuisse
615 3603 846 3685 descriptiones
878 3601 1048 3666 Libanium
1071 3603 1350 3666 verisimillimium
1377 3612 1433 3666 est.

308 3715 411 3792 Quem
432 3716 530 3778 alium
555 3716 658 3778 locum
673 3713 706 3795 ί),
719 3723 892 3798 antequam
907 3735 1086 3798 pergamus
1099 3723 1199 3779 totum
1215 3717 1368 3779 exhibere
1381 3735 1432 3779 ve·

309 3829 1433 3911 tim.AgiturdequartareabAmmianocommemoratadefrumento.

354 3945 406 4006 τοῦ
442 3940 525 4005 σίτου
558 3941 616 4018 γαρ
646 3941 708 4005 aino
744 3947 799 4014 τῆς
830 3943 916 4016 ννίσου
936 3948 989 4023 (sc.
1015 3943 1212 4021 Britanniae)
1238 3941 1339 4006 ποίλαι
1365 3945 1431 4022 Φοι-

313 4119 455 4130 .—h—

342 4237 369 4301 i)
388 4237 459 4296 Quos
485 4243 512 4288 et
536 4239 563 4287 in
590 4238 742 4287 narratione
768 4238 800 4287 dc
825 4238 903 4289 Saliis
921 4239 1045 4288 remissos
1063 4253 1120 4289 esse
1139 4240 1267 4302 videmus,
1287 4244 1352 4288 tunc
1373 4253 1434 4289 vero

310 4329 421 4378 minime
439 4329 531 4389 ιἰτίμυς
548 4330 593 4378 sed
613 4334 808 4380 remuneratos.

344 4420 373 4484 a)
391 4420 454 4470 nra.
473 4418 573 4470 ονε-ευ
592 4419 736 4484 μιν-νιν
755 4421 796 4484 r.;
814 4419 945 4470 era-551
966 4421 1018 4484 a).
