3240 5304
723 547 765 609 85

179 738 286 795 utrum
317 733 409 796 sedes
430 731 616 808 Quadorum
640 734 673 796 in
698 734 748 797 his
770 733 958 817 regionibus
981 735 1061 798 sitae
1085 735 1243 818 quadrent
1265 736 1299 798 in

179 845 295 910 Zosimi
330 848 545 911 narrationem
580 865 689 911 necne.
724 847 852 912 Ferram
887 846 1064 912 Romanam
1100 852 1245 932 petentes
1282 869 1301 912 a

178 958 307 1023 Francis
342 960 488 1023 finitimis
524 961 662 1024 transitu
698 959 908 1044 prohibentur
939 960 1213 1041 cousuluerunt
1238 967 1300 1028 ter·

178 1093 245 1137 ram
269 1093 324 1156 per
348 1072 496 1138 Rhenum
522 1072 784 1153 ὑπερβαλλόμενοι
808 1077 841 1137 in
865 1075 1005 1139 insulam
1018 1075 1195 1140 deveniunt
1205 1075 1301 1141 Bata·

178 1206 299 1249 vorum.
323 1186 403 1250 Fum
428 1188 556 1251 demum
582 1207 656 1252 cum
680 1191 821 1253 transire
841 1195 1000 1271 vetantur,
1012 1209 1112 1254 naves
1124 1195 1297 1270 extruunt3

178 1321 235 1384 per
266 1301 348 1366 fines
381 1304 481 1386 igitur
504 1301 703 1367 Francorum
728 1302 863 1386 pedibus
887 1305 920 1366 in
944 1302 1106 1367 Romanas
1129 1311 1231 1368 terras
1254 1306 1301 1370 ire

177 1417 366 1498 potuissent,
399 1435 486 1480 nunc
521 1435 596 1480 vero
631 1415 769 1480 navibus
803 1418 843 1480 iis
879 1436 960 1500 opus
991 1423 1049 1497 est,
1073 1423 1109 1482 ut
1135 1420 1300 1502 regionem

176 1528 362 1592 Francicam
386 1530 669 1594 circumvehantur
684 1528 712 1609 ¹).
736 1529 851 1593 Franci
875 1527 996 1605 Quadis
1016 1529 1299 1596 Mullenianisfini·

177 1644 248 1708 timi
272 1644 402 1726 quinam
427 1662 497 1707 esse
521 1643 681 1728 possunt?
695 1641 742 1707 De
752 1643 905 1727 Ripuaria
918 1645 1047 1709 civitate
1059 1646 1212 1728 tuncjam
1226 1665 1301 1710 con·

177 1756 289 1818 stituta
312 1757 391 1819 nihil
413 1758 573 1839 novimus,
598 1775 703 1840 neque
726 1765 801 1821 ante
820 1758 986 1822 saeculum
1007 1759 1159 1842 quintum
1178 1758 1299 1848 factum

176 1868 212 1930 id
246 1887 316 1932 esse
351 1870 523 1934 verisimile
558 1876 615 1952 est,
650 1870 706 1934 sed
740 1871 865 1934 etiamsi
901 1877 979 1935 tunc
1013 1873 1081 1935 illic
1104 1871 1302 1938 habitassent

176 1979 332 2064 Ripuarii,
354 1985 578 2047 transrhenani
602 1985 732 2047 omnino
755 1983 902 2065 fuissent,
925 1984 965 2048 ab
988 1987 1123 2070 imperio
1146 1985 1301 2070 Romano,

176 2095 210 2156 id
234 2101 283 2158 est
306 2115 324 2158 a
348 2095 469 2179 Rheno,
492 2116 601 2162 arcere
624 2098 754 2181 quidem
779 2101 961 2182 potuissent
984 2096 1114 2174 Quados
1127 2102 1300 2184 (quomodo

178 2214 284 2271 autem
308 2201 390 2280 adiu
414 2206 519 2289 ἔφοδον
544 2215 686 2275 metuere
710 2219 841 2294 possent
864 2212 1047 2297 RipuariF),
1071 2214 1126 2278 sed
1151 2216 1179 2278 si
1201 2217 1301 2280 semel

178 2322 218 2385 ad
241 2321 389 2386 Rhenum
413 2326 637 2407 pervenissent
660 2322 774 2408 Quadi,
798 2345 906 2411 neque
929 2329 1208 2393 circumvehendis
1230 2330 1301 2392 fini-

177 2436 240 2500 bus
270 2435 465 2500 Francorum
490 2456 596 2521 neque
619 2441 751 2502 omnino
777 2440 914 2506 navibus
939 2461 1020 2527 opus
1043 2444 1083 2508 iis
1106 2442 1222 2508 fuisset
1245 2444 1301 2508 sed

176 2550 259 2612 nihil
292 2549 379 2613 alind
413 2550 596 2615 faciendum
630 2552 753 2636 fuisset,
786 2575 882 2637 quam
907 2561 944 2620 ut
966 2554 1116 2620 Rhenum
1140 2559 1300 2621 transmit·

176 2669 298 2743 terent,
334 2669 401 2727 tum
437 2671 551 2748 sponte
585 2666 763 2745 calcassent
797 2669 899 2732 solum
937 2668 1127 2733 Romanum.
1151 2669 1193 2734 nt
1215 2671 1298 2735 idem

177 2778 349 2842 dicendum
376 2784 424 2842 est
448 2778 487 2841 de
511 2779 661 2844 omnihus
685 2780 756 2845 aliis
781 2781 922 2864 Francis,
946 2785 1015 2847 sive
1039 2782 1208 2848 Chamavis
1231 2785 1300 2849 sive

177 2891 373 2956 Chattuariis
396 2893 464 2956 sive
488 2893 576 2957 aliis:
600 2895 724 2959 hostem
751 2914 792 2959 ex
816 2897 969 2961 interiore
993 2896 1300 2963 Germaniaameri-

176 3006 228 3069 die
253 3007 433 3071 venientem
457 3007 611 3090 impedire
635 3015 780 3092 possunt,
804 3012 978 3093 quominus
997 3010 1109 3076 Rheno
1130 3013 1301 3095 appropin-

177 3125 271 3203 quet:
297 3121 345 3183 sin
371 3128 476 3186 autem
502 3122 541 3186 ad
566 3121 671 3186 Rheni
695 3124 780 3207 ripas
805 3128 930 3188 venerit
953 3125 1064 3207 hostis,
1087 3145 1105 3188 a
1128 3131 1217 3210 tergo
1233 3127 1300 3207 jam

176 3234 273 3298 habet
306 3233 447 3299 Francos
482 3242 513 3299 et
544 3239 681 3300 transire
712 3239 746 3300 in
770 3239 939 3322 imperium
963 3241 1069 3303 statim
1093 3245 1197 3324 potest
1218 3241 1299 3304 nihil

176 3351 309 3413 omnino
334 3351 576 3414 circumvectus.
599 3349 640 3414 Ft
665 3351 723 3414 hac
747 3352 855 3416 eadem
881 3353 920 3416 de
944 3373 1042 3417 eausa
1065 3373 1171 3438 neque
1195 3351 1300 3429 Quadi

176 3463 350 3546 Usiporum
386 3464 516 3527 finitimi
546 3484 652 3547 neque
676 3466 783 3548 quivis
807 3467 862 3529 alii
885 3465 1004 3530 Zosimi
1028 3468 1202 3532 narrationi
1225 3487 1299 3531 con-

176 3581 323 3658 veniunt,
356 3579 420 3640 nisi
444 3579 471 3642 si
495 3579 654 3660 ejusmodi
677 3579 747 3641 loco
771 3578 921 3661 habitant,
946 3580 1001 3645 ubi
1024 3600 1080 3663 per
1103 3581 1298 3647 Francorum

177 3692 306 3774 quidem
331 3690 412 3755 fines
436 3691 583 3755 adeunda
606 3693 647 3755 sit
669 3697 752 3755 terra
775 3691 928 3774 Romana,
953 3693 1009 3758 uhi
1032 3700 1139 3759 tamen
1163 3716 1262 3781 prope
1281 3719 1299 3762 a

175 3804 289 3868 Rheno
314 3803 419 3868 absint
443 3805 494 3867 vel
517 3804 556 3866 ad
580 3806 681 3887 ipsam
705 3803 810 3868 Rheni
834 3807 935 3889 ripam
961 3808 1101 3889 sedeant,
1116 3808 1298 3875 ubinoneo

165 3920 256 4001 ipso,
280 3936 344 4001 quo
360 3919 425 4000 jam
448 3921 533 3997 sunt,
545 3917 614 3980 loco
627 3916 748 3980 flumen
761 3921 953 4001 transgressi
966 3921 999 3982 in
1012 3922 1143 4003 regione
1154 3920 1299 3985 Romana

176 4032 291 4113 forent,
314 4033 370 4096 sed
393 4051 449 4116 per
471 4030 620 4096 Rhenum
640 4033 766 4115 longior
777 4034 876 4096 instet
888 4035 1059 4118 navigatio,
1073 4042 1245 4120 antequam
1258 4037 1298 4100 ad

181 4176 325 4186 ——-—-

206 4252 234 4317 1)
252 4251 444 4313 ὑπερβάλλεσθαι
463 4254 717 4304 »circumvehendi”
736 4255 863 4304 vocabulo
881 4269 939 4305 esse
960 4255 1120 4305 vertendum
1131 4270 1184 4305 uon
1197 4258 1296 4308 »armis

174 4343 314 4396 vincendi’'
331 4345 491 4410 (utrumque
509 4345 581 4394 enim
595 4359 680 4408 aeque
689 4360 719 4395 ac
728 4345 853 4395 Latinum
869 4345 1028 4409 »superare’'
1039 4345 1189 4410 siguificare
1201 4353 1298 4412 potest,

173 4437 297 4500 quamvis
324 4437 389 4487 illud
418 4436 566 4500 usitatius),
581 4436 637 4499 jam
654 4437 715 4487 inde
734 4442 852 4501 apparet,
870 4437 939 4501 quod
960 4436 1037 4487 victis
1059 4437 1167 4488 Francis
1186 4454 1297 4490 eorum-

178 4543 229 4593 que
247 4527 345 4577 frnibus
365 4527 462 4586 Quadis
480 4527 642 4592 patentibus,
660 4528 769 4579 omnino
787 4527 901 4579 navibus
918 4543 985 4592 opus
1004 4543 1058 4578 non
1076 4529 1182 4580 luisset.
