3244 5296
822 548 896 630 '156

305 775 403 839 supra
435 756 644 820 tractavimus
656 752 699 838 1);
734 759 769 818 nt
800 773 825 818 e.
848 776 877 838 g.
903 756 1080 838 comparari
1104 759 1242 839 possunt
1266 754 1431 820 Munnuuar

305 867 408 951 figura
442 866 517 949 XV,
555 869 626 949 121,
661 886 735 931 eum
771 867 942 931 Mnsrornur
976 867 1015 932 U.
1040 869 1079 932 A.
1109 867 1195 951 XLI,
1227 870 1291 932 463
1316 869 1365 934 vel
1390 869 1430 934 U.

307 980 349 1063 X,
375 982 432 1061 143
468 979 621 1064 ,aiguag''
657 979 881 1044 Britannicum
918 985 954 1044 ut
983 980 1069 1064 apud
1093 979 1188 1045 Stade
1212 981 1361 1064 alibique,
1386 983 1430 1046 ita

306 1112 436 1178 quoque
465 1095 499 1157 in
524 1094 679 1158 tractibus
702 1093 960 1159 Slesvicensibus
983 1091 1192 1176 inveniturll,
1210 1095 1297 1178 quod
1321 1101 1428 1159 tamen

306 1212 531 1271 ornamentum
563 1214 626 1271 tarn
659 1226 831 1271 commune
853 1207 990 1290 aliisque
1014 1226 1144 1290 quoque
1166 1213 1278 1271 uotum
1305 1213 1429 1290 erat,ut

306 1339 347 1385 ex
371 1339 408 1384 eo
432 1321 511 1384 nihil
535 1319 661 1384 efficere
684 1322 786 1384 tutius
810 1321 956 1384 videatur
979 1321 1064 1385 haud
1090 1323 1191 1404 magis
1215 1341 1310 1404 qnam
1325 1340 1365 1386 ex
1379 1341 1428 1386 or·

306 1440 456 1499 namento
469 1455 497 1518 q.
511 1435 538 1498 d.
553 1436 678 1518 spinato
691 1431 723 1514 3).
736 1432 892 1510 Quamvis
905 1438 1022 1516 autem,
1036 1438 1071 1496 ut
1079 1435 1147 1515 jam
1159 1434 1313 1517 diximus,
1326 1440 1426 1499 totum

306 1549 419 1611 horum
444 1549 647 1612 vasculorum
671 1567 775 1632 genus
799 1567 873 1612 oum
893 1547 1088 1612 Britannicis
1108 1547 1428 1632 Saxonicisquecon-

305 1666 408 1744 gruat,
444 1662 513 1744 ipsa
545 1667 650 1724 tamen
677 1668 864 1725 ornamenta
887 1662 988 1725 multo
1014 1664 1123 1726 minus
1143 1664 1349 1746 comparandi
1373 1684 1427 1727 au-

306 1794 373 1838 sam
401 1775 487 1854 dant,
509 1776 553 1838 ita
580 1780 614 1838 ut
637 1793 679 1839 ex
691 1775 742 1838 his
754 1776 952 1839 ornamentis
964 1775 1113 1839 concludi
1126 1776 1205 1838 nihil
1221 1778 1328 1860 possit,
1341 1778 1428 1860 quod

306 1889 345 1951 ad
369 1889 626 1952 convenientiam
651 1907 724 1951 cum
745 1887 860 1971 Anglis
874 1887 1070 1952 Britannicis
1083 1890 1228 1971 pertinet.
1240 1888 1329 1958 Nihil
1341 1890 1428 1953 aliud

307 2002 369 2065 dioi
400 2007 513 2086 potest,
544 2022 641 2085 qnam
671 2003 849 2066 arctissime
879 2004 1049 2066 cohaerere
1073 2023 1148 2068 vasa
1171 2002 1283 2066 fictilia
1309 2003 1428 2085 „Saxo-

306 2115 408 2198 nica'’,
444 2121 479 2180 ut
503 2116 665 2197 dionntur,
689 2135 772 2200 quae
795 2118 827 2179 in
852 2115 1014 2198 Slosvioia,
1038 2113 1192 2199 Holsatia,
1216 2116 1428 2183 Hannoverae

306 2235 395 2312 parte
430 2229 679 2314 septentrionali,
709 2228 879 2292 Britannia
910 2234 978 2293 tum
1011 2229 1148 2314 Anglioa
1169 2250 1245 2298 cum
1268 2229 1429 2296 Saxonica

304 2345 528 2407 inveniuntur.
553 2342 653 2425 Cujus
678 2345 723 2408 rei
747 2345 844 2408 etiam
864 2349 1091 2427 argumentum
1112 2350 1170 2426 est,
1190 2343 1276 2427 quod
1289 2344 1428 2428 plerum·

306 2477 369 2541 que
389 2478 454 2521 una
466 2477 539 2521 oum
555 2458 713 2539 ejusmodi
726 2459 867 2522 vasculis
880 2459 975 2521 etiam
988 2456 1159 2521 fibularum
1173 2465 1259 2524 certa
1272 2458 1427 2541 quaedam

305 2589 423 2655 genera
446 2572 618 2653 conjuncta
641 2572 855 2655 reperiuntur,
880 2591 944 2634 non
970 2571 1072 2636 solum
1087 2571 1120 2634 id
1132 2589 1236 2655 genus
1249 2572 1329 2648 dicu,
1341 2572 1428 2655 quod

307 2687 404 2770 vulgo
434 2684 561 2766 Nydam
587 2685 926 2769 nomine'appollatur,
950 2685 1006 2750 sed
1031 2688 1125 2750 etiam
1150 2686 1248 2768 aliud,
1271 2687 1357 2769 quod
1382 2688 1428 2750 sio

306 2799 457 2864 describit
479 2799 645 2864 Unosnrus
658 2797 698 2877 a„
728 2798 974 2880 „lrorsiormeda
998 2799 1071 2864 med
1090 2804 1138 2863 tre
1157 2799 1301 2883 knopper
1314 2801 1426 2864 voden

305 2914 398 2997 plade
422 2912 529 2997 bagtil,
552 2933 593 2997 og
615 2914 706 2976 toran
730 2914 741 2975 i
764 2912 1014 2995 almindelighed
1038 2913 1184 2977 eudendo
1207 2915 1218 2976 i
1242 2918 1274 2976 et
1294 2914 1427 2994 dyreho-

306 3026 398 3109 ved'',
433 3027 584 3110 quodque
618 3027 716 3090 altera
750 3031 838 3109 parte
869 3024 990 3090 saeculi
1014 3027 1099 3090 tertii
1122 3026 1156 3088 in
1181 3045 1275 3090 usum
1302 3027 1428 3092 venisse

305 3160 377 3205 cum
414 3138 696 3204 msomscnmnno
731 3144 821 3224 putat
834 3136 870 3221 ⁵).
906 3137 1055 3204 Getarum
1090 3158 1155 3202 non
1180 3141 1276 3204 nimis
1299 3141 1333 3203 iu
1358 3140 1426 3203 tali-

305 3253 366 3318 bus
401 3252 499 3318 rebus
533 3255 730 3319 ornamentis
763 3253 929 3316 fidendum
960 3271 1031 3317 esse
1054 3254 1122 3336 ipse
1146 3273 1205 3318 nos
1230 3254 1322 3318 docet
1347 3255 1426 3333 v.d.;

305 3371 366 3431 tria
389 3372 556 3433 enumerat
581 3368 712 3431 vascula
730 3369 764 3430 in
789 3365 909 3450 Norgia
932 3371 1066 3450 reperta,
1089 3367 1284 3450 quibuscum
1297 3369 1427 3431 omniuo

305 3487 488 3565 congruunt
521 3482 582 3546 tria
617 3483 680 3545 alia
715 3501 732 3546 e
762 3481 946 3545 Brittannia
958 3477 999 3562 6);
1033 3501 1098 3564 qua
1122 3500 1139 3545 e
1161 3500 1196 3546 re
1220 3483 1248 3546 si
1270 3482 1428 3564 conjicere

310 3673 451 3682 ——-—

336 3787 365 3854 1)
382 3790 439 3842 Vid.
457 3791 487 3841 V.
505 3791 535 3842 Α.
553 3791 606 3841 tab.
624 3790 670 3855 41;
688 3792 718 3842 U.
736 3792 790 3842 tab.
807 3790 840 3841 10
857 3796 884 3843 et
902 3807 959 3856 pag.
978 3790 1020 3842 81.

337 3879 365 3944 1)
383 3882 412 3933 V.
430 3882 460 3933 Α.
479 3883 531 3932 tab.
550 3882 579 3932 41
602 3882 644 3947 ug.
661 3881 722 3946 HQ
744 3877 772 3933 u.
791 3883 844 3933 tub.
864 3882 897 3932 10
915 3883 957 3948 lig.
975 3882 1017 3933 18.

337 3972 364 4038 3)
382 3974 413 4024 v,
431 3975 461 4025 r.
479 3974 514 4024 n.
533 3972 576 4038 ng.
593 3973 651 4038 aar,
668 3974 698 4025 u.
718 3973 760 4038 ng.
779 3973 808 4036 r;
828 3957 953 4036 nunnae,
971 3975 1027 4036 xv,
1044 3973 1102 4025 rao.

337 4065 417 4128 4)1.t.
445 4080 469 4129 p.
494 4062 557 4129 1293
584 4065 617 4114 ab
643 4065 736 4114 eodem
763 4071 872 4115 auctore
898 4066 944 4129 qui
970 4066 1018 4115 hac
1044 4066 1077 4115 de
1102 4066 1316 4129 rescripserunt
1335 4081 1428 4116 omnes

303 4159 431 4208 citantur.

337 4248 363 4312 5)
381 4248 417 4298 ll.
436 4263 460 4312 p.
478 4246 535 4298 130.

337 4347 364 4410 6)
382 4347 490 4398 Confert
511 4363 533 4398 v.
551 4349 566 4397 d
595 4364 655 4398 vasa
674 4364 688 4397 e
707 4347 804 4399 Nalurn
823 4334 905 4418 (drsb.
925 4347 999 4412 1878,
1019 4348 1061 4414 dg.
1079 4349 1132 4414 23),
1148 4349 1428 4413 Eidsvoll(univ.coll.

304 4454 346 4490 no.
372 4438 459 4505 9308),
489 4441 644 4491 Ullensulrer
671 4442 725 4499 (no.
751 4440 830 4505 6781;
859 4428 930 4492 drsb.
955 4440 1030 4506 1874,
1058 4458 1082 4505 p.
1101 4441 1145 4506 63)
1170 4457 1232 4492 cnm
1250 4442 1428 4492 simillimisa

307 4536 434 4600 llingston
454 4536 529 4601 (Coll.
548 4543 602 4587 ant.
621 4538 651 4602 ll,
669 4537 701 4586 53
722 4537 764 4602 sig.
782 4539 807 4601 7)
826 4544 852 4588 et
872 4539 984 4589 Friliord
1003 4539 1059 4604 (ΒνΙ
1078 4539 1146 4588 llus.
1166 4538 1270 4600 Vl‚tnb.
1279 4537 1329 4588 914
1340 4539 1382 4605 ug.
1392 4539 1428 4603 2).
