3240 5304
868 559 909 621 66

324 744 392 810 iicet
426 751 454 809 et
476 745 639 810 danuorio
661 766 773 828 manse,
795 746 999 811 obsidionales
1022 752 1142 810 tractae
1165 749 1241 810 sunt
1264 763 1367 810 morae
1380 794 1386 808 .
1400 793 1405 808 .
1420 793 1447 806 ..

324 864 399 922 tunc
430 859 645 938 pertimiscens
678 858 909 923 sollertissimus
944 857 1071 938 Caesar,
1104 879 1145 922 ne
1179 858 1340 923 obseruata
1362 863 1449 921 nocte

324 972 427 1036 iniuni
450 972 576 1037 barbari
595 972 667 1055 polu
690 973 826 1036 uinctum
849 992 974 1036 amnem
993 973 1207 1054 pervaderent,
1227 971 1335 1036 cotidie
1353 970 1447 1034 asoic

324 1086 359 1148 in
380 1105 541 1165 uesperam
561 1085 642 1164 deuo
664 1086 707 1149 ad
729 1105 826 1170 nsque
849 1086 929 1150 lucis
947 1087 1142 1170 principium
1165 1086 1293 1149 iusoriis
1315 1085 1448 1148 navitus

324 1199 499 1263 discurrere
529 1198 648 1277 fiumen
681 1199 764 1263 uitro
786 1201 925 1287 citroque
947 1200 1060 1263 milites
1082 1199 1251 1279 ordinarit,
1274 1205 1311 1262 nt
1333 1199 1448 1262 crustis

322 1312 516 1392 pruinarum
549 1312 709 1394 diffractis
738 1311 846 1377 nuilus
870 1313 914 1376 ad
935 1313 1160 1393 erumpendum
1182 1313 1328 1394 quopiam
1353 1312 1448 1396 facile

319 1424 504 1507 perueniret.
529 1423 657 1508 Hocque
679 1430 853 1504 commento,
876 1426 983 1489 inedia
1010 1431 1038 1489 ct
1063 1426 1176 1508 cipitiis
1195 1431 1225 1490 et
1236 1425 1450 1509 desperatione

322 1543 476 1616 postrema
511 1537 622 1601 lassati
654 1542 763 1622 sponte
796 1558 829 1601 sc
860 1540 994 1622 propria
1028 1539 1183 1603 dederunt
1213 1541 1380 1620 statimque
1406 1540 1450 1602 ad

324 1649 500 1714 comitatum
536 1649 677 1733 Aupnsti
709 1659 784 1714 sunt
820 1652 914 1714 missi.
941 1652 994 1716 Ad
1016 1672 1092 1738 quos
1114 1653 1291 1717 eximendos
1310 1651 1449 1732 periculo

324 1763 489 1828 multitudo
512 1762 713 1828 Francorum
736 1784 859 1846 opressa
882 1786 950 1828 cum
972 1770 1080 1844 captos
1098 1767 1449 1849 comperissetctaspor-

324 1881 413 1956 totos,
436 1876 517 1940 uidit
538 1877 675 1956 amptius
697 1897 776 1941 ausa
799 1877 959 1960 repedavit
981 1879 1025 1942 ad
1046 1899 1114 1943 sna.

370 1989 472 2066 Quom
519 1991 625 2055 locum
661 2011 718 2055 cur
749 1997 851 2056 totum
884 1993 1122 2075 descripsimus
1158 1993 1241 2055 infru
1274 1992 1448 2077 apparebit.

325 2105 422 2188 Apud
457 2103 537 2168 ulios
572 2111 720 2170 auctores
752 2107 903 2188 quioniam
935 2107 1020 2170 inter
1042 2126 1094 2170 ras
1118 2113 1224 2190 gestus
1249 2108 1325 2170 anui
1352 2107 1449 2188 hujus

325 2223 356 2282 et
390 2219 556 2302 sequentis
591 2237 656 2281 nou
693 2217 774 2282 bene
798 2219 1017 2302 distinguitur,
1042 2238 1173 2284 necesse
1197 2223 1258 2284 erit
1281 2220 1362 2284 duos
1388 2221 1446 2283 hos

325 2352 427 2395 annos
461 2333 655 2414 conjunctim
682 2336 827 2413 tractura,
851 2334 927 2415 quia
952 2352 1024 2396 cum
1050 2334 1168 2415 omniu,
1192 2353 1274 2416 quae
1299 2333 1449 2397 dehisce

325 2444 522 2529 temporibus
556 2450 761 2526 annotantur,
783 2447 1097 2529 perlustraverimuS‚
1121 2452 1189 2510 tum
1214 2447 1342 2511 domum
1368 2446 1446 2529 quid

326 2562 394 2640 hoc,
417 2559 495 2643 quid
516 2559 571 2622 illo
596 2579 680 2622 anno
703 2559 825 2623 factum
852 2561 893 2623 sit
905 2565 1046 2624 statuere
1058 2563 1243 2644 poterimus.
1257 2559 1448 2642 Sequuntur

325 2675 425 2756 igitur
448 2691 536 2735 nuuc
559 2673 701 2754 ejusdem
726 2674 870 2736 Auuriur
894 2674 933 2737 do
956 2693 1041 2737 auno
1066 2673 1129 2737 358
1155 2673 1296 2753 verbul).

371 2785 416 2848 Ac
441 2783 629 2849 Camar...
642 2787 838 2869 opperiens
860 2786 985 2850 dulium
1014 2807 1187 2852 mensem..
1201 2807 1283 2867 ..pe
1284 2789 1322 2850 tit
1330 2788 1450 2871 primos

325 2899 464 2961 omnium
495 2897 647 2980 Francos
676 2918 724 2963 eos
747 2899 885 2963 uidelicet
873 2907 986 2986 iquos
1010 2881 1194 2967 consuetudo
1217 2901 1319 2966 Salios
1341 2901 1448 2985 appet-

325 3010 411 3093 iauit,
445 3031 538 3076 ausos
571 3011 686 3074 otim
674 3033 710 3075 m
743 3012 885 3077 Romano
915 3015 978 3078 solo
1000 3015 1092 3098 apud
1108 3015 1326 3079 Tocandriam
1349 3015 1447 3078 iocum

325 3125 398 3190 isaii
399 3125 504 3188 iacula
524 3126 617 3207 fipcro
636 3125 851 3208 praelicenter.
878 3125 938 3190 Oui
956 3148 1025 3192 cum
1042 3128 1183 3212 Pnnpros
1195 3129 1333 3210 uenisset,
1344 3149 1447 3194 occur-

325 3240 369 3303 rit
391 3238 503 3320 lepatio
524 3239 815 3318 praedictorum..
829 3260 965 3318 pacem
989 3241 1044 3304 sub
1068 3240 1126 3305 isac
1149 3242 1211 3324 icpe
1229 3244 1448 3322 praetendens

326 3358 361 3416 nt
393 3353 582 3437 quiescentes
604 3372 654 3416 eos
685 3359 845 3434 tamquam
869 3355 904 3416 in
929 3355 996 3417 suis
1019 3374 1075 3418 neo
1099 3354 1259 3420 lacesseret
1283 3358 1448 3441 quisquam

325 3485 382 3530 nec
402 3472 536 3530 necaret.
562 3464 631 3529 Hos
656 3465 736 3547 iepat
737 3486 808 3530 os..
821 3468 1182 3533 muneratosabsoiuit
1183 3470 1342 3552 ‚dictoque
1356 3472 1448 3534 citius

326 3586 448 3644 secutus
468 3579 624 3663 profectos
648 3578 758 3644 Seuero
781 3580 857 3643 duce
879 3583 973 3645 misso
995 3602 1050 3661 por
1074 3584 1180 3662 ripam
1203 3584 1304 3648 subito
1323 3591 1448 3650 cunctos

327 3693 497 3777 adpressns
525 3699 686 3776 tamquam
710 3692 858 3777 fulminis
882 3695 972 3759 turbo
991 3696 1181 3778 percussitp'
1164 3717 1294 3781 pamquc
1314 3717 1446 3780 prccan-

327 3813 371 3869 tcs
400 3806 507 3888 potius
537 3825 631 3888 quam
662 3806 806 3870 resistent
807 3827 838 3870 cs
861 3803 1104 3891 inoportunum
1128 3808 1305 3874 dementiae
1327 3817 1402 3890 part
1402 3831 1447 3873 em

326 3921 438 4003 effectu
470 3919 614 3982 uictoriae
642 3918 723 3997 deco
746 3920 890 3985 dedentes
913 3942 945 3986 sc
969 3943 1037 3985 cum
1061 3923 1170 4006 opibus
1192 3923 1357 4008 tiberisque
1379 3944 1446 3987 sus·

326 4033 412 4116 cepit.
450 4029 623 4095 Chamauos
658 4033 765 4096 itidem
795 4053 890 4097 ausos
921 4034 1037 4098 similia
1060 4036 1190 4100 adortus
1214 4037 1319 4101 eadem
1342 4036 1446 4100 coieri-

327 4151 390 4210 tatc
409 4150 489 4229 part
490 4166 535 4208 cm
560 4145 664 4209 cecidit
641 4147 775 4224 sparti
775 4167 805 4209 m
823 4149 939 4212 acriter
957 4156 1137 4230 rcpupnant
1138 4170 1169 4213 es
1188 4149 1330 4235 uiuosque
1344 4155 1450 4232 captos

329 4261 491 4342 redepiti
481 4260 515 4323 in
548 4259 683 4341 uincula,
714 4259 791 4324 aiios
812 4263 976 4344 praecipit
972 4263 1079 4346 fupa
1102 4263 1295 4342 trepidantes
1317 4263 1360 4326 ad
1383 4284 1452 4344 sua,

361 4507 388 4573 1)
406 4507 486 4570 xvu,
503 4506 527 4571 s,
545 4505 570 4570 r,
586 4505 660 4557 3-5.

1605 4821 1612 5261 ι
