3244 5296
872 535 934 596 112

338 719 471 800 ἐκβολὰς
497 727 634 786 ποιεῖται.
656 717 771 798 Λόροναο
792 744 826 784 τε
848 721 985 794 ἐνταῦθα,
1006 715 1038 784 οὗ
1059 719 1094 794 δὴ
1115 718 1255 800 Γερμανοὶ
1275 721 1309 784 τὸ
1330 719 1463 784 παλαιόν

338 831 447 916 ᾥκνντο
450 882 545 908 .....
582 829 608 898 οἳ
642 839 689 898 νῦν
724 831 860 913 <hoewar
893 835 1070 898 καλοῦνται·
1095 831 1207 897 τούτων
1230 833 1366 912 ἐχόμενοι
1390 835 1462 913 Ἀρ-

339 945 464 1028 βόρυχοο
499 943 597 1028 ᾤκουν,
632 943 658 1010 οἳ
690 943 741 1020 ξὺν
777 945 860 1026 adop
897 955 934 1026 τῇ
967 944 1048 1024 athap
1073 946 1285 1028 Γαλλία....
1310 947 1463 1024 Ῥωμαίων

338 1061 478 1136 κατήκοον
512 1061 546 1126 ἐκ
583 1063 718 1124 παλαιοῦ
753 1053 837 1133 ἦσαν.
873 1057 966 1123 Μετόο
1000 1058 1032 1123 δὲ
1055 1059 1164 1132 αὐτοὺς
1187 1061 1218 1132 ἐς
1239 1059 1282 1124 τόο
1306 1061 1375 1140 πρὸς
1398 1059 1462 1123 οἰνί-

339 1196 455 1254 οχοντα
498 1169 580 1247 ἥλιον
623 1171 769 1253 Θόρυγγοο
806 1169 965 1252 βάρβαρον,
1001 1171 1098 1245 δόντος
1134 1173 1308 1250 Αὐγούστου
1345 1174 1461 1253 τρότου

339 1285 492 1370 βασιλέως
519 1285 681 1368 ἱδρύσαντο.
707 1284 763 1350 Καὶ
787 1286 885 1350 αὐτῶν
908 1284 1142 1366 Βουρνουνζόονες
1166 1287 1197 1350 οὐ
1224 1287 1330 1366 πολλῷ
1353 1284 1462 1350 ότοόεν

341 1401 410 1481 πρὸς
433 1399 512 1466 νότον
536 1403 643 1476 ἄνεμον
666 1397 867 1480 τετραμμένον
889 1395 987 1479 ᾤκουν.
1011 1399 1141 1478 Σουόβα
1160 1424 1196 1463 τε
1217 1399 1291 1479 ὑπὲρ
1304 1399 1463 1480 Θορόρρων

339 1513 390 1580 καὶ
414 1511 609 1592 ’Accumulat
636 1513 750 1594 ἰσχυρόν
769 1511 842 1586 ἓόνν.
868 1508 964 1578 Οὔτοι
983 1512 1141 1591 ,αὐτόνομον
1162 1509 1300 1585 όόταντες
1318 1511 1415 1592 ταύτῃ
1428 1513 1461 1576 τό

339 1627 477 1694 όνέκαόεν
500 1624 624 1710 ἵδρυντο.

383 1742 467 1806 Satis
497 1741 632 1806 confusa
662 1747 710 1805 est
742 1740 890 1825 Procopii
922 1741 1036 1804 notitia
1071 1746 1101 1804 et
1125 1743 1240 1825 partim
1264 1740 1362 1818 falsa3
1387 1759 1460 1803 nam

339 1877 358 1920 a
383 1855 556 1940 majoribus
579 1855 646 1918 illio
670 1853 828 1919 habitasse
851 1861 964 1938 gentes
989 1855 1169 1918 nominatas
1192 1856 1325 1917 omnino
1349 1872 1460 1918 rerum

341 1989 404 2033 non
430 1974 485 2034 est.
512 1967 667 2052 Procopio
690 1987 766 2031 vero
789 1968 886 2032 iidem
913 1987 976 2031 non
1002 1973 1080 2032 sunt
1101 1967 1253 2050 Thoringi
1278 1987 1315 2031 ac
1339 1967 1463 2047 Franci,

340 2081 379 2148 de
421 2082 556 2146 diversis
598 2081 727 2164 populls
770 2082 835 2164 agit
871 2082 929 2146 hos
965 2087 996 2146 et
1029 2082 1102 2146 illos
1137 2081 1331 2146 describens.
1364 2082 1462 2165 Apud

340 2195 442 2262 Rheni
476 2195 564 2260 lacus
595 2193 735 2260 Francos
766 2215 844 2260 suos
879 2197 977 2279 ponit,
1000 2198 1107 2280 iisque
1129 2196 1257 2260 finitimi
1279 2195 1462 2278 Arboryehi

339 2317 416 2376 sunt
460 2308 594 2374 Galliam
639 2308 827 2374 habitantes.
863 2309 1128 2391 Arboryohorum
1164 2329 1242 2374 voce
1276 2310 1462 2374 Armoricae

340 2421 522 2506 significare
545 2422 686 2486 voluisse
709 2421 900 2507 Procopium
922 2422 1216 2506 probabilissimum
1238 2423 1382 2502 videtur3
1397 2442 1461 2486 non

340 2536 444 2602 solum
477 2535 635 2600 Armorici
663 2535 729 2618 jam
763 2532 908 2600 Caesaris
932 2540 1035 2600 aetate
1058 2537 1143 2599 inter
1165 2535 1347 2618 Sequanam
1371 2535 1462 2620 Lige

340 2649 465 2733 simque
489 2646 651 2714 Oceanum
678 2649 872 2733 attingentes
897 2647 1082 2713 habitabant
1094 2647 1127 2733 ¹),
1147 2649 1202 2714 sed
1215 2651 1309 2714 etiam
1323 2648 1463 2713 Notitiae

340 2761 540 2846 Dignitutum
576 2767 717 2846 tempore
747 2762 823 2826 huie
858 2763 1060 2846 potissimum
1097 2765 1221 2847 regioni
1256 2765 1463 2828 Aremoricae

341 2895 455 2942 nornen
481 2875 612 2940 attribui
646 2875 793 2939 vidimus.
819 2875 933 2940 Franci
957 2896 1012 2941 eos
1036 2874 1200 2949 κατηκόους
1224 2874 1330 2956 σφίσιν
1350 2875 1462 2940 altaru-

341 3011 401 3062 τες,
433 2983 490 3052 οἵτε
516 2986 633 3068 όροόρους
657 2985 764 3061 όντας.
780 3035 787 3051 .
802 3035 831 3052 ..
859 2986 1048 3061 τοοῆοαοόαν,
1072 2986 1228 3068 ἕλκΐζοντό
1250 3011 1284 3052 τε
1307 2987 1358 3052 καὶ
1385 3011 1463 3051 ταν-

341 3099 429 3179 δκμεδ
466 3101 714 3178 τοκεμκοεόοντες
737 3101 788 3164 ἐτ’
814 3101 923 3174 αὐτοὺς
947 3099 1021 3182 ἦσαν
1035 3103 1067 3182 ⁹).
1090 3102 1194 3167 Juxta
1218 3104 1277 3166 hos
1296 3103 1336 3166 ad
1358 3105 1463 3167 orien-

340 3221 402 3282 tem
439 3233 553 3282 vereue
586 3216 750 3300 'Phoryngi
785 3215 996 3280 occurrebant
1031 3215 1186 3300 Procopio
1211 3221 1350 3298 auctore,
1375 3218 1463 3300 quod

341 3331 448 3394 minus
483 3335 604 3395 rectum
640 3346 711 3394 esse
746 3347 839 3394 nemo
874 3348 938 3393 non
972 3330 1069 3411 vidit3
1095 3331 1331 3414 quadamtenus
1353 3337 1462 3395 tamen

341 3462 452 3510 verum
489 3447 545 3526 est,
580 3443 665 3527 quod
699 3443 784 3524 dicit,
819 3463 891 3507 nam
924 3445 952 3509 si
983 3444 1079 3528 paulo
1103 3447 1205 3528 magis
1228 3445 1464 3528 septentriones

342 3577 454 3624 versus
485 3557 664 3622 Aremorici
695 3556 747 3620 vel
771 3557 935 3621 meridiem
960 3576 1074 3622 versus
1096 3556 1250 3642 Thuringi
1273 3558 1465 3641 habitarent,

340 3689 451 3736 revera
474 3669 556 3735 bene
579 3671 687 3734 omnia
710 3670 927 3754 procederent.
953 3669 1001 3734 De
1023 3671 1197 3756 Thuringis
1221 3672 1464 3736 transrhenanis

342 3803 417 3848 vero
449 3783 499 3847 hie
529 3785 581 3868 agi
611 3802 675 3848 non
708 3801 890 3867 possenon
916 3783 1073 3867 estquod
1097 3783 1371 3864 demonstremus3
1398 3804 1463 3848 non

340 3899 444 3963 solum
482 3897 598 3960 mirum
635 3901 793 3980 quantum
825 3895 865 3959 ab
895 3897 1073 3961 Armoricis
1105 3897 1233 3981 absunt,
1257 3898 1313 3962 sed
1336 3900 1464 3963 etiamsi

340 4010 522 4094 Arborychi
565 4030 695 4093 prorsus
737 4011 798 4074 alia
833 4017 941 4075 esseut
974 4030 1064 4096 gena,
1098 3991 1206 4076 tamen
1242 4013 1333 4075 nullo
1369 4014 1464 4076 modo

339 4145 438 4212 prope
461 4145 479 4188 a
502 4125 621 4209 populo
645 4125 754 4207 aliquo
777 4123 931 4188 Pranoioo
954 4125 1076 4189 circum
1101 4124 1206 4190 Rheni
1229 4129 1311 4191 ostia
1334 4127 1465 4191 sedente

340 4293 484 4302 ----

373 4395 401 4460 l)
419 4395 484 4446 Bell.
502 4395 577 4459 Gall,
594 4395 649 4462 vll,
667 4394 712 4458 'lll;
730 4395 763 4460 ll,
779 4393 820 4445 34.

374 4487 401 4552 2)
420 4488 529 4551 Procop.
547 4487 611 4538 llell.
630 4485 813 4552 Goth.‚1,lt.
