3240 5304
815 461 858 528 40

271 653 306 718 in
326 650 494 718 laterculo
518 652 698 719 Veronensi
721 656 753 717 et
776 652 860 736 apud
885 651 1096 716 Honorinm
1087 651 1242 730 inveniri3
1257 649 1398 715 Francos

271 766 407 832 fortasse
430 785 448 832 e
470 767 558 830 fonte
580 767 744 831 communi
768 772 986 849 sumpserunt,
965 766 1067 831 tsed
1090 766 1129 830 de
1151 770 1294 848 tempore
1318 785 1398 848 quo-

274 883 359 944 niam
392 881 471 944 nihil
507 881 666 962 novimus,
701 900 766 963 quo
801 879 998 944 Francorum
1034 899 1150 944 nomen
1175 880 1208 942 in
1233 879 1320 942 fonte
1341 879 1398 941 illo

273 996 435 1059 communi
458 996 648 1079 inscriptum
675 995 726 1076 sit,
749 1013 814 1057 non
838 994 977 1058 multum
1001 994 1076 1058 inde
1099 992 1294 1079 proficimus.

294 1103 366 1174 De
389 1109 532 1174 fontibus
556 1111 644 1173 hisce
666 1109 888 1192 geographicis
912 1110 990 1172 satis
1014 1109 1166 1172 diximus.
1187 1106 1275 1171 Licet
1297 1126 1399 1190 panca

274 1241 311 1286 ac
344 1241 445 1306 paene
468 1223 547 1287 nihil
572 1224 648 1286 novi
673 1241 713 1286 ex
737 1223 778 1286 iis
801 1221 927 1286 efficere
952 1223 1199 1305 potuerimuS‚t
1200 1240 1292 1285 amen
1318 1220 1400 1283 nihil

273 1337 307 1398 in
341 1336 382 1400 iis
416 1337 522 1401 inesse
557 1336 706 1416 vidimus,
741 1335 826 1418 quod
861 1342 969 1418 aperte
1003 1341 1161 1419 repugnet
1193 1336 1244 1415 iis,
1276 1353 1400 1418 quaee

273 1448 386 1514 'Paorro
409 1449 518 1513 Pamin
542 1450 612 1514 aliis
635 1450 674 1513 de
697 1451 841 1532 gentium
868 1453 920 1531 pat
921 1449 1001 1511 riam
1022 1454 1164 1512 nostram
1186 1448 1399 1511 habitantium

275 1562 407 1626 sedibus
445 1566 585 1627 statuere
620 1565 795 1646 potuimus,
830 1581 904 1626 nam
942 1581 1025 1644 quae
1056 1561 1280 1646 discrepabant
1313 1561 1398 1645 apud

275 1675 494 1740 Ptolemaeum
530 1695 548 1740 e
580 1675 669 1740 fonte
698 1675 928 1759 proveniebant
959 1695 998 1738 an
1001 1677 1149 1758 tiqoiore.
1178 1674 1266 1739 Nihil
1290 1677 1400 1758 itaque

276 1809 335 1854 nos
370 1795 522 1871 moratur,
545 1792 719 1874 quominus
742 1790 863 1852 indicia
886 1791 1037 1853 historica
1060 1792 1253 1871 scriptorum
1279 1790 1400 1853 saeculi

276 1904 410 1968 secundi
445 1905 716 1987 sequentiumque
746 1905 979 1985 examinemus,
1012 1904 1149 1987 utquid
1175 1909 1332 1967 mutatum
1357 1905 1401 1968 ait

277 2025 434 2104 appareat.

345 2478 363 2558 ξ
389 2480 417 2540 3.
441 2475 670 2540 Historicorum
693 2477 871 2541 testimonio
893 2477 967 2541 inda
990 2499 1011 2540 u
1036 2478 1144 2541 Tacito
1171 2476 1335 2560 usquead

766 2590 945 2656 draitonam.

323 2801 385 2865 Per
408 2807 510 2865 totum
535 2803 699 2867 saeculum
726 2803 906 2866 secundum
928 2809 1080 2886 quattuor
1092 2809 1218 2866 tantum
1232 2802 1272 2866 de
1284 2805 1403 2885 patrrae

280 2919 408 2978 nostrae
442 2915 556 2978 incolis
590 2934 631 2978 ex
666 2915 877 2999 scriptoribus
909 2916 947 2979 ad
980 2937 1038 2980 nos
1063 2935 1238 3000 pervenere
1262 2917 1403 2994 notitiae,

281 3046 418 3109 quarum
453 3028 555 3110 prima
586 3027 780 3092 Batavorum
813 3031 992 3112 equitatum
1018 3031 1051 3092 in
1076 3028 1235 3093 Hadriani
1259 3030 1401 3092 exercitu

279 3139 380 3204 fuisse
405 3159 463 3204 nos
487 3140 579 3204 docet
566 3144 624 3221 tl),
647 3142 790 3205 secunda
815 3162 889 3206 vero
914 3143 1063 3206 haect
1014 3152 1063 3206 est
1065 3163 1187 3226 ,quarn
1210 3143 1294 3224 apud
1307 3141 1402 3205 Sera

279 3273 396 3316 rinnon
409 3255 462 3331 't'
454 3256 654 3318 invenimus.
668 3253 850 3317 Commodo
869 3257 1054 3338 imperitant
1042 3257 1201 3333 t180e(—
1213 3257 1285 3332 191)
1299 3253 1402 3318 Didus

280 3366 432 3431 Julianus
467 3367 627 3450 Belpicum
658 3372 823 3430 scorteae
847 3369 1090 3432 diurecitlbi
1114 3367 1248 3432 Cauchis
1275 3367 1405 3431 Gerana-

280 3481 353 3544 uiuc
389 3479 626 3564 populeae
572 3482 626 3564 qui
660 3481 765 3544 Albim
797 3480 927 3558 fluvium
952 3481 1138 3545 accolebant
1126 3488 1335 3564 έ,ενιινηρθηι
1323 3482 1405 3545 tibus

285 3659 425 3667 -—-—.-.

281 3787 451 3851 quaestiones
474 3789 580 3839 criticus
608 3794 714 3853 tractas,
740 3790 807 3839 nihil
834 3803 887 3838 non
914 3789 1012 3840 licebit.
1035 3790 1128 3852 Neque
1147 3790 1297 3840 Chattuarii
1316 3804 1404 3853 ireque

281 3878 406 3928 Chamavi
430 3879 499 3942 apud
517 3880 619 3930 lulium
639 3881 785 3929 Honorium
804 3880 995 3943 inveniuntur;
1015 3896 1076 3929 narn
1095 3882 1157 3930 licet
1176 3881 1292 3930 isidorus
1310 3881 1404 3943 Hispa·

280 3970 369 4033 tensis,
387 3971 434 4033 qui
454 3971 563 4021 Honorii
581 3973 736 4021 recensione
754 3972 833 4021 tertia
852 3975 888 4034 (q.
906 3972 931 4021 d.
950 3972 1049 4035 Ethici)
1069 3987 1134 4020 usus
1151 3978 1192 4021 est
1210 3972 1320 4035 (Phara,
1335 3970 1405 4036 p.‚5)

281 4062 426 4111 Chamavos
451 4063 580 4125 nominet,
602 4064 658 4113 sive
676 4063 784 4112 aliunde
801 4064 857 4112 sive
875 4077 889 4112 e
909 4062 1012 4112 Nazarii
1030 4063 1191 4126 Panegyrico
1210 4077 1328 4126 quocum
1346 4067 1405 4112 tan·

281 4158 372 4217 topere
391 4159 519 4218 congruat
538 4154 737 4216 (Mununnnonr
754 4154 790 4204 l..l
808 4168 833 4217 p.
852 4152 913 4217 256>
932 4168 1039 4202 sumere
1058 4168 1103 4202 eos
1121 4155 1216 4216 potuit.

315 4244 416 4311 l)D10,
441 4245 511 4310 Epit.
538 4243 579 4310 69,
602 4245 630 4295 9·
659 4245 786 4309 obrupta
805 4251 883 4300 καλῶς
902 4243 991 4302 branae
1011 4248 1039 4293 τὸ
1059 4247 1228 4304 στρατιωτικὸν
1246 4243 1320 4306 αυτῷ,
1341 4242 1404 4291 tic-rr

282 4342 323 4386 nar
339 4353 368 4384 TO
387 4337 480 4387 mittat
498 4343 543 4385 Τῶν
564 4335 714 4395 καλουμένων
734 4335 858 4384 Βατᾱθόων
876 4339 916 4384 τὸν
935 4336 1029 4396 Ic‘rpev
1047 4353 1112 4395 μξτα
1131 4334 1262 4383 τῶνθπλων
1275 4333 1350 4399 amn}
1351 4352 1405 4386 ατο.

315 4428 343 4494 2)
363 4429 421 4480 Vita
439 4430 508 4479 Didii
525 4430 624 4480 Juliani
644 4429 704 4492 1,6.

1600 1415 1606 1664 l

1600 1969 1606 2216 l

1600 2245 1606 2512 l

1597 2539 1606 2780 l

1597 2819 1606 3085 l

1597 3075 1606 3340 l

1600 3383 1606 3652 l

1601 3661 1606 3920 l

1601 3941 1606 4208 l

1597 4227 1606 4478 l

1597 4501 1606 4752 l
