3244 5296
822 554 886 618 120

293 739 373 818 (sive
402 740 465 822 ipsi
497 738 557 803 soli
581 740 650 802 sive
674 756 786 802 omnes
811 737 1014 802 Nerthicolae
1037 757 1074 802 eo
1098 740 1229 803 nomine
1253 739 1416 823 appellan-

261 903 265 923 ,
293 855 358 929 tur)
383 851 602 936 Langobardis
626 851 780 916 finitimos
803 851 904 916 fnisse
928 857 959 916 et
982 853 1102 916 idcirco
1124 871 1208 934 eum,
1231 871 1304 916 cum
1319 850 1418 916 semel

294 963 409 1029 Suavis
443 966 595 1029 rhenanis
630 964 914 1049 Langobardorum
945 983 1063 1029 nomen
1088 965 1228 1047 dederat,
1253 964 1419 1029 cisalbinis

294 1081 486 1163 Angilorum
510 1097 627 1142 nomen
652 1079 846 1160 attribuisse,
867 1078 1009 1142 Banunar
1029 1085 1078 1142 est
1090 1081 1196 1162 opinio
1209 1084 1247 1158 ί);
1262 1098 1417 1162 quacum-

296 1211 360 1275 que
384 1211 460 1256 vero
484 1192 523 1256 de
547 1211 645 1256 causa
668 1193 729 1255 hoo
752 1192 822 1255 loco
847 1210 901 1256 eos
925 1193 1103 1274 collocavit,
1116 1193 1246 1255 omnino
1259 1193 1419 1256 assentior

296 1305 467 1368 Mumnnao
491 1302 714 1384 annotanti2l:
743 1311 846 1386 „reote
870 1306 999 1389 quidem
1024 1305 1228 1369 Ptolemaeus
1252 1305 1420 1388 Angilosa

296 1418 516 1503 Langobardis
546 1425 651 1482 ortum
678 1425 709 1482 et
733 1418 861 1482 boream
888 1438 1002 1483 versus
1026 1418 1239 1500 collocaverit,
1263 1419 1318 1482 sed
1343 1435 1418 1501 que·

297 1532 500 1596 madmodum
536 1531 738 1616 Langobardi
772 1534 826 1596 isti
862 1533 1002 1616 ponendi
1027 1539 1116 1596 erant
1141 1534 1235 1596 eoin
1261 1533 1339 1613 loco,
1363 1531 1420 1594 ubi

297 1645 518 1709 Laccobardos
553 1647 671 1729 posuit,
706 1647 752 1708 sic
787 1649 882 1709 etiam
908 1647 1008 1730 Angli
1032 1666 1051 1709 a
1075 1646 1287 1710 Laccobardis
1312 1652 1418 1709 ortum

299 1757 494 1841 boreamque
518 1777 632 1822 versus
655 1757 833 1821 collocandi
849 1757 1058 1822 fuerint.’'Eo
1073 1759 1167 1821 modo
1179 1760 1264 1822 inter
1276 1757 1420 1821 Saxones

299 1877 329 1935 et
370 1870 597 1955 Langobardos
639 1877 806 1955 ponuntur
838 1873 967 1955 Angili;
1005 1872 1155 1955 equidem
1192 1874 1270 1936 haec
1304 1872 1421 1936 addere

299 1985 416 2048 velim:
442 1986 519 2068 quia
543 2003 655 2048 revera
678 1990 767 2048 trans
790 1984 901 2047 Albim
927 1984 1065 2067 agebant
1084 1983 1294 2068 Langobardi,
1314 1986 1420 2068 potius

299 2097 427 2162 boream
463 2105 635 2182 ortumque
670 2118 783 2162 versus
819 2119 837 2162 a
871 2098 1057 2183 regionibus
1080 2097 1287 2163 transalbinis
1310 2098 1423 2182 Angili

300 2213 476 2296 quaerendi
510 2219 595 2277 sunt.
631 2211 723 2288 Quod
758 2215 922 2277 siveram
949 2218 1006 2295 est,
1029 2214 1063 2275 in
1089 2213 1202 2277 iisdem
1227 2211 1305 2276 locis
1330 2213 1419 2276 sede·

301 2325 387 2409 bant,
419 2326 475 2389 ubi
497 2325 596 2390 Taciti
619 2325 823 2391 Nerthicolae
847 2331 878 2391 et
901 2326 1076 2391 Ptolemaei
1096 2325 1219 2406 Varini,
1242 2326 1365 2390 scilicet
1388 2327 1421 2388 in

300 2440 445 2504 Holsatia
479 2440 653 2520 (Slesvioia)
688 2447 785 2524 atque
821 2440 1082 2522 Meolrlenburgia
1107 2440 1313 2518 occidentali,
1339 2441 1422 2502 hanc

300 2557 463 2639 regionem
498 2554 598 2618 Taciti
631 2562 773 2638 tempore
797 2574 908 2618 revera
932 2554 1126 2635 habitabant,
1148 2554 1221 2618 licet
1244 2558 1336 2616 antea
1359 2551 1423 2615 ior·

301 2676 386 2732 tasse
420 2687 522 2751 aeque
558 2687 594 2731 ac
618 2667 821 2752 Langobardi
844 2669 890 2731 cis
913 2667 1022 2730 Albim
1047 2667 1140 2731 sedes
1163 2666 1342 2746 habuerint,
1367 2664 1424 2728 ubi

302 2801 356 2846 eos
380 2801 421 2846 ex
445 2783 628 2865 antiquiore
650 2780 738 2845 fonte
762 2783 891 2845 novisse
915 2783 1055 2864 potuerit
1078 2780 1290 2844 Ptolemaeus.

347 2894 463 2958 Contra
485 2894 575 2959 Brona
599 2894 785 2959 Britanniae
809 2901 1024 2978 occupatores,
1048 2894 1180 2957 ubinam
1202 2893 1424 2973 habitaverint,

302 3010 388 3071 huno
410 3011 444 3070 in
470 3009 598 3072 modum
624 3009 776 3072 describit
791 3009 834 3090 Β);
858 3005 907 3070 De
930 3005 1116 3089 Sororibus,
1135 3007 1168 3070 td
1187 3007 1424 3090 estaoreqioue,

302 3142 382 3208 quae
405 3141 488 3185 uuuc
511 3121 725 3206 Antiquarum
746 3119 905 3185 Surorum
925 3122 1172 3202 coquomr'uutur,
1192 3140 1300 3184 reuera
1314 3118 1422 3184 Oricu-

303 3237 380 3301 loles
403 3234 548 3314 Saxones,
573 3234 754 3300 Moridr'uua'
776 3233 924 3316 Sucoues,
952 3234 1078 3300 Occidur'
1102 3233 1250 3299 Saroues.
1270 3233 1375 3298 Porro
1388 3234 1425 3297 de

302 3351 427 3433 Augila,
446 3351 500 3414 boc
523 3357 566 3414 est
589 3349 626 3412 do
649 3349 704 3412 illu
722 3351 843 3433 petria,
868 3369 948 3435 quae
972 3349 1118 3431 Auqulus
1142 3350 1257 3412 dicitur
1279 3354 1308 3413 et
1332 3349 1369 3411 ab
1392 3368 1425 3413 eo

303 3469 437 3544 temporo
459 3484 557 3550 usque
577 3463 664 3529 hodie
683 3484 807 3527 mouere
827 3464 969 3528 desertus
988 3464 1071 3527 tuter
1077 3464 1259 3547 preclarius
1271 3463 1426 3528 Jutarum

304 3588 332 3643 et
355 3577 515 3644 Suuouum
537 3578 725 3661 perhibetur,
753 3576 928 3643 Orieutolos
951 3577 1051 3660 Auqli
1074 3599 1096 3641 e.
1109 3599 1136 3662 q.
1150 3598 1173 3641 s.

348 3691 511 3771 Jutarum,
555 3711 637 3774 quos
682 3693 802 3774 primos
838 3693 1027 3772 nominavit,
1063 3693 1166 3774 patria
1202 3711 1284 3774 quae
1318 3690 1427 3770 fuerit,

305 3823 369 3867 non
405 3804 508 3883 addit;
542 3823 645 3887 nequo
676 3803 841 3868 Saxonum
866 3823 972 3886 neque
996 3805 1176 3888 Anglorum
1204 3823 1309 3888 neque
1334 3804 1425 3866 Juta-

304 3938 375 3981 rum
411 3924 510 3981 terras
541 3919 656 3981 melius
681 3917 831 3981 describit
856 3917 1049 3981 Chronicum
1074 3916 1270 3982 Saxonicum
1289 3915 1320 3997 ⁴).
1345 3918 1426 3980 Asn-

309 4111 449 4119 ——

339 4228 367 4292 l)
384 4229 420 4279 l.l.
438 4243 462 4291 p.
480 4226 538 4278 853.

338 4319 365 4387 2)
383 4336 408 4385 p.
426 4319 475 4370 258
493 4319 617 4370 editionis
635 4320 845 4381 Ptolemaeanae,
863 4320 881 4383 l,
899 4319 923 4370 1.

339 4412 364 4474 3)
382 4413 449 4462 Hist.
467 4413 560 4462 eccles.
578 4411 666 4476 gentis
684 4411 840 4476 Anglorum,
858 4411 877 4474 l,
895 4409 936 4460 15.

341 4509 365 4570 4)
383 4510 456 4560 Nihil
484 4509 555 4559 aliud
584 4509 697 4574 legimus
723 4523 817 4573 quarn:
846 4509 883 4558 Da
911 4524 1005 4560 comen
1032 4507 1065 4575 ba
1088 4522 1150 4558 men
1169 4507 1197 4556 ol
1213 4505 1283 4574 brim
1302 4500 1428 4570 megdum
