3240 5304
739 519 779 586 41

194 710 311 777 restitit
341 709 558 776 tumultuariis
584 709 713 776 auxiliis
735 709 983 792 prouincialium.
1009 707 1053 776 Ob
1075 730 1157 795 quae
1180 709 1324 776 consala-

194 833 263 890 taan
286 828 400 892 inaruit
424 815 597 891 testimonio
619 825 823 906 imperatoria.
849 825 979 906 Chauci,
1001 845 1084 910 quos
1107 827 1194 890 6116
1219 828 1324 910 priore

197 941 425 1024 disputationis
456 946 544 1023 parto
578 939 840 1004 bellicosissimos
874 939 975 1002 luisse
1010 939 1160 1020 vidimus,
1193 941 1323 1004 saeculo

197 1053 340 1117 secundo
365 1052 541 1135 majoribus
566 1053 681 1135 dignos
702 1071 736 1116 se
756 1051 959 1135 praestabant
971 1071 1059 1116 more
1071 1059 1202 1136 paterno
1215 1054 1323 1116 incur·

196 1168 319 1230 sionem
363 1165 523 1230 iacientes.
561 1164 680 1228 Eodem
718 1165 778 1228 hoc
812 1171 955 1249 tempore
991 1165 1192 1230 Pertinacem
1228 1167 1324 1230 classi

197 1278 407 1342 Germanicae
441 1278 618 1362 praefuisse
649 1280 764 1342 tertius
796 1277 886 1342 locus
919 1278 1010 1341 docet
1024 1275 1046 1356 11
1071 1297 1145 1342 cum
1170 1297 1187 1342 6
1210 1289 1323 1362 quarto

196 1394 348 1456 novimus
370 1395 415 1456 ita
442 1399 477 1456 ut
500 1394 535 1454 in
561 1391 718 1455 Hadriani
741 1391 893 1470 Batavos,
918 1392 1019 1456 sicin
1045 1391 1323 1456 Pertinacisexer·

197 1507 262 1570 citu
285 1505 431 1589 Tungros
453 1506 570 1584 luisse,
597 1526 670 1569 nam
696 1525 714 1568 a
738 1504 922 1569 0111161116
947 1509 1129 1584 6611611111
1150 1505 1325 1587 (16161616,

199 1639 264 1682 61ο
299 1639 316 1683 6
346 1618 494 1702 Tungris,
530 1621 587 1702 qui
622 1639 696 1683 oum
735 1619 767 1681 in
805 1621 885 1682 iram
918 1624 949 1682 at
980 1620 1182 1684 intimarem
1207 1619 1324 1683 militas

196 1733 360 1817 loquendo
395 1733 594 1813 adduxisset,
629 1734 750 1796 hastam
787 1735 821 1795 in
854 1739 966 1816 pectus
999 1732 1176 1798 Pertinacis
1200 1732 1323 1816 objecit.

198 1846 347 1912 Getarum
383 1847 439 1910 ubi
475 1854 506 1910 61
540 1848 590 1910 his
621 1847 821 1930 temporibus
852 1852 883 1911 et
913 1851 1023 1930 postea
1047 1847 1087 1911 (16
1112 1845 1324 1928 „Germanis”

198 1981 217 2024 a
248 1960 457 2044 scriptoribus
481 1962 625 2044 antiquis
648 1961 772 2044 aliquid
796 1967 978 2040 annotatur,
1004 1964 1198 2026 mentionem
1227 1961 1324 2044 hujus

197 2077 244 2140 roi
265 2096 329 2139 non
356 2075 520 2157 faciemus,
542 2077 607 2140 nisi
631 2094 837 2158 quacumque
862 2076 901 2139 (16
924 2095 1022 2140 causa
1045 2095 1111 2140 1611
1136 2076 1230 2140 nobis
1254 2095 1324 2141 essa

199 2210 274 2255 oum
312 2190 481 2254 Germanis
515 2191 671 2273 regiones,
707 2209 788 2273 quas
823 2190 875 2253 hic
898 2194 1082 2271 tractamus,
1107 2188 1324 2254 habitantibus

199 2309 355 2388 appareat.
379 2304 493 2387 Itaque
517 2323 623 2387 neque
647 2305 686 2368 (16
711 2302 877 2368 Commodi
897 2323 1003 2388 neque
1023 2305 1063 2368 (16
1082 2305 1217 2369 aliorum
1233 2304 1324 2369 bellis

202 2416 442 2498 „Germanicis”
477 2417 570 2482 nobis
604 2418 766 2501 agendum
798 2419 938 2500 videtur,
961 2438 1036 2482 cum
1059 2437 1161 2501 aeque
1184 2417 1266 2483 bone
1289 2420 1323 2481 in

200 2530 370 2594 Germania
404 2531 574 2614 Superiora
605 2551 642 2595 ac
673 2534 706 2594 in
732 2536 797 2595 tota
821 2538 906 2595 terra
927 2534 1161 2596 transrhenana
1184 2532 1260 2597 inde
1284 2532 1323 2596 ab

199 2646 283 2728 agris
330 2645 552 2709 decumatibus
586 2665 637 2709 res
673 2646 761 2709 hisce
796 2645 875 2709 locis
907 2646 1084 2729 descriptae
1117 2646 1219 2710 factae
1253 2665 1324 2712 esse

199 2759 321 2842 possint
336 2762 365 2836 ⁸).
391 2757 578 2840 Cujusmodi
599 2759 685 2822 locos
710 2760 738 2822 si
762 2760 835 2842 quis
860 2760 992 2822 collatos
1013 2760 1121 2823 videre
1134 2759 1219 2840 velit,
1232 2760 1324 2824 adeat

199 2870 333 2935 ansrurr
365 2874 397 2934 in
430 2871 511 2934 libro
546 2892 571 2934 c.
596 2877 616 2936 t.
651 2870 736 2952 ,Das
767 2852 960 2936 Rheinischc
993 2872 1185 2938 Germanien
1209 2875 1243 2936 11
1268 2874 1325 2938 (161

198 2984 328 3048 66111166
353 2984 557 3049 Litteratur'’.

243 3098 397 3182 Sequitur
434 3118 539 3182 usqua
572 3099 611 3162 ad
645 3118 781 3183 reguum
818 3099 956 3164 Gallieni
990 3100 1189 3178 (raa-268)
1223 3101 1322 3165 altum

233 3395 260 3460 1)
279 3395 454 3459 Capitolinus,
471 3397 531 3447 vira
549 3397 706 3460 Pertinacis,
725 3398 758 3461 II,
775 3396 799 3448 3.

232 3486 259 3550 1)
278 3487 343 3537 lbid.
363 3487 407 3552 111,
425 3487 449 3537 8.

231 3577 259 3642 3)
276 3579 315 3628 hd
343 3579 441 3628 Frisios
467 3580 603 3643 pertinere
623 3580 707 3644 Capit.
728 3581 778 3630 Vit.
796 3580 886 3630 Albini
903 3596 925 3630 c.
943 3579 960 3630 6
979 3581 1100 3645 plerique
1118 3587 1238 3631 censent.
1257 3581 1324 3631 Ger-

200 3669 280 3734 mani,
306 3669 468 3732 quibuscum
487 3670 623 3721 dimicavit
643 3672 805 3721 Maximinus
823 3672 969 3734 imperalor
988 3670 1143 3735 (235-238)
1162 3677 1212 3731 περὶ
1229 3673 1262 3720 τὸ(
1279 3671 1324 3728 ἕλη

199 3759 311 3821 διέτριβον
330 3762 509 3824 (1161οά16666
528 3763 583 3825 Vll,
600 3762 626 3820 1,
643 3762 671 3826 5)
688 3769 715 3813 et
733 3764 761 3813 in
782 3778 905 3828 magnam
924 3763 1058 3827 quandam
1076 3764 1202 3827 paludem
1217 3763 1280 3828 luga
1296 3777 1323 3813 se

199 3859 360 3916 receperunt
378 3854 425 3917 (ib.
442 3852 483 3916 6);
501 3855 571 3904 idem
590 3859 721 3904 annotant
739 3856 852 3904 Zonaras
870 3855 938 3921 (llll,
958 3854 1015 3919 lb):
1034 3855 1323 3912 111111116....ἀνε-

199 3941 308 4004 φάνησαν
334 3951 361 3994 et
379 3945 545 4007 Capitolinus
563 3946 635 4011 (Vita
654 3946 793 3995 Maximini
812 3947 869 4010 Xll,
887 3945 911 4008 1,
929 3944 970 4006 M:
991 3947 1059 3996 anisi
1078 3946 1203 3997 Germani
1230 3985 1251 3993 ..
1291 3945 1322 3994 ad

200 4037 309 4098 paludes
333 4075 338 4083 .
350 4073 355 4082 .
367 4074 370 4082 ,
395 4037 586 4100 confugissent,
602 4052 710 4086 omnem
720 4037 892 4087 Germaniam
903 4038 930 4086 in
949 4038 1097 4087 Romanam
1108 4038 1235 4088 ditionem
1247 4039 1324 4087 rede-

199 4126 287 4189 gisset.
304 4127 362 4189 lpse
381 4132 531 4189 praeterea.
543 4166 548 4175 .
596 4129 677 4178 eliam
687 4128 813 4191 paludem
823 4128 977 4193 ingressus*
988 4144 1011 4180 6.
1021 4144 1046 4192 q.
1057 4145 1077 4178 s.
1086 4129 1185 4179 Crebra
1194 4128 1323 4192 paludum

201 4217 300 4266 11611116
317 4216 461 4266 admodum
480 4218 614 4280 probabile
630 4219 702 4280 lacit,
718 4218 857 4269 Maximini
875 4220 1022 4270 Germanos
1040 4221 1171 4270 habitasse
1191 4219 1218 4268 in
1236 4220 1324 4283 proxi·

200 4309 292 4358 mitate
320 4310 429 4359 illarum
456 4309 590 4360 inviarum
619 4311 757 4373 paludum,
783 4311 851 4374 apud
880 4326 946 4374 quas
973 4311 1088 4360 Francos
1106 4311 1181 4360 sedes
1199 4311 1324 4361 habuisse

199 4405 288 4464 postea
308 4400 465 4451 videbimus.
484 4400 615 4459 Quoniam
631 4406 723 4452 autem
738 4403 812 4452 nullo
822 4403 872 4452 alio
884 4402 991 4452 nomine
1001 4401 1324 4465 quanr'»Germarror·um''

199 4493 381 4554 nominantur,
399 4492 466 4541 nihil
485 4507 517 4541 ex
537 4493 578 4542 his
595 4493 660 4542 louis
677 4494 709 4543 de
728 4492 821 4555 priscis
841 4493 951 4542 Francis
970 4491 1075 4542 efficere
1096 4493 1196 4543 malim.
