3240 5304
827 503 867 566 36

286 692 367 756 nihil
406 690 499 756 nobis
534 690 685 777 praebent
701 690 731 774 ¹).
766 690 1011 755 Transeundum
1047 691 1145 774 igitur
1180 691 1220 754 ad
1253 690 1406 755 Tabulam

280 805 570 888 Peutingerianam.

327 917 429 995 Quam
465 939 553 982 nnnc
588 919 742 982 habemus
777 918 917 982 tabulam
954 919 994 982 ad
1029 919 1196 1000 antiquius
1220 918 1403 1001 exemplum

282 1051 352 1096 esse
376 1033 576 1116 descriptam,
598 1034 641 1096 ita
665 1038 782 1112 tamen,
808 1038 843 1096 ut
869 1033 1035 1113 nonnulla,
1059 1051 1142 1115 quae
1162 1033 1314 1114 temporis
1336 1051 1407 1115 pos-

282 1147 407 1210 terioris
443 1151 559 1226 esseut,
593 1147 763 1210 interserta
797 1148 871 1226 sint,
895 1147 978 1209 inter
1001 1164 1112 1209 omnes
1137 1150 1268 1209 constet.
1294 1145 1406 1229 ltaque

283 1261 366 1324 inter
400 1261 541 1339 nomine,
574 1279 656 1343 quae
687 1259 818 1343 praebet
841 1259 951 1322 tabula
975 1266 1093 1340 nostra,
1117 1259 1294 1342 compluria
1317 1260 1407 1322 inve-

283 1374 427 1454 niuntur,
462 1392 545 1456 quae
579 1379 702 1437 certum
736 1373 846 1437 estad
871 1374 1048 1437 recentiora
1072 1379 1215 1457 tempora
1239 1373 1407 1456 pertinere,

283 1487 353 1569 alia,
377 1487 416 1551 de
440 1486 559 1570 quibus
584 1486 719 1551 dubium
744 1495 802 1567 est,
826 1494 933 1550 utrum
960 1489 1143 1571 antiquiore
1166 1507 1206 1550 an
1229 1489 1406 1550 recentiora

283 1603 357 1665 sint.
393 1599 463 1676 Qua
499 1601 538 1665 de
574 1620 608 1665 re
642 1603 736 1666 etiam
772 1608 869 1685 atque
904 1602 998 1666 etiam
1035 1602 1213 1665 cavendum
1245 1607 1302 1682 est,
1326 1621 1407 1665 nee

286 1715 416 1779 nomine
451 1715 570 1798 aliquo,
601 1715 686 1798 quod
711 1717 744 1779 in
768 1713 889 1778 Tabula
912 1717 1097 1779 invenimus
1122 1715 1170 1779 vel
1195 1734 1257 1778 non
1283 1716 1406 1778 inveni-

285 1849 366 1910 mus,
394 1832 521 1911 temere,
545 1830 632 1912 quod
662 1829 701 1892 ad
731 1836 858 1913 tempus
881 1830 1002 1909 attinet,
1024 1829 1144 1912 aliquid
1169 1829 1409 1908 concludamus,

284 1962 358 2005 nam
384 1946 448 2004 tam
473 1942 615 2005 secundo
640 1961 737 2024 quam
764 1948 878 2025 quarto
902 1943 1030 2005 saeculo
1055 1942 1276 2024 hujuscemodi
1290 1960 1406 2005 nomen

284 2055 428 2119 additum
455 2055 506 2118 vel
526 2055 665 2119 deletum
690 2074 761 2119 esse
784 2060 895 2139 potest.

329 2168 474 2233 Primum
510 2170 694 2252 exemplum
733 2168 861 2233 tabulae
894 2169 1142 2254 Peutingeriana
1178 2173 1251 2233 ente
1286 2188 1406 2232 annum

287 2283 350 2344 176
383 2303 411 2366 p.
436 2281 467 2345 Ο.
492 2301 522 2346 n.
554 2281 673 2346 lactum
702 2301 772 2346 esse
796 2284 919 2365 primus
944 2281 1135 2361 ominosa
1159 2281 1306 2365 probavit
1330 2300 1409 2345 usus

286 2414 369 2478 quae
404 2395 582 2472 Pnrmmn’)
616 2396 645 2458 ei
681 2401 913 2459 monstraverat
943 2395 1080 2459 indiciis.
1111 2392 1202 2478 Opus
1226 2394 1320 2458 nobis
1344 2413 1407 2457 non

285 2514 343 2592 est,
366 2515 402 2573 ut
426 2509 500 2572 dota
523 2527 619 2592 opera
643 2509 876 2590 examinemus,
901 2515 1009 2572 utrum
1022 2515 1107 2573 recte
1121 2510 1198 2572 haec
1210 2508 1408 2572 contenderit

286 2641 404 2703 necne;
438 2623 522 2706 quod
548 2624 645 2686 sciam
672 2624 772 2705 major
791 2643 864 2706 pers
888 2625 1030 2687 virorum
1052 2622 1218 2685 doctorum
1243 2621 1340 2703 hujus
1363 2621 1409 2684 rei

286 2738 459 2820 peritorum
507 2756 582 2799 oum
618 2735 753 2800 Cuntzio
788 2737 878 2816 faoit3
916 2742 993 2800 sunt
1016 2742 1145 2828 tamen,
1179 2738 1237 2819 qui
1267 2735 1408 2799 tabulam

287 2851 449 2914 Aamrrin
459 2856 587 2914 nostrae
600 2851 747 2933 exemplo
759 2851 859 2914 fuisse
872 2856 986 2934 putent
999 2855 1029 2931 ⁴).
1041 2850 1149 2934 Ipsam
1164 2856 1303 2914 nostram
1318 2848 1409 2912 tabu·

287 2964 350 3027 lam
375 2964 655 3048 Peutingerianam
681 2965 799 3028 saeculi
824 2966 929 3048 quarti
955 2965 1053 3028 altera
1076 2969 1165 3048 parte
1177 2964 1216 3027 ad
1229 2963 1325 3027 finem
1340 2981 1409 3026 esse

287 3078 473 3161 perductam
497 3098 608 3143 omnes
632 3080 847 3160 consentiunt,
867 3098 988 3142 annum
1015 3079 1079 3141 366
1103 3080 1247 3142 nominat
1270 3076 1309 3141 K.
1334 3075 1409 3140 Mra·

289 3190 393 3272 uru⁵t
417 3192 564 3257 Fortasse
587 3193 662 3256 inde
686 3214 704 3256 a
728 3192 853 3256 Christo
878 3199 962 3274 nato,
986 3198 1071 3256 certe
1092 3192 1168 3256 inde
1188 3192 1228 3256 ab
1250 3210 1334 3256 anno
1350 3191 1411 3253 176

289 3326 393 3391 nsque
427 3308 466 3370 ad
503 3308 528 3380 ὲ
555 3307 617 3369 366
642 3309 742 3390 igitur
767 3307 925 3390 permulta
947 3327 965 3370 a
989 3308 1067 3370 viris
1087 3307 1188 3370 doctis
1208 3307 1411 3390 indoctisque

290 3424 407 3486 mutari
442 3427 632 3505 potuerunt3
668 3422 744 3485 inde
774 3421 813 3484 ab
845 3440 882 3485 eo
906 3426 1047 3504 tempore
1070 3420 1248 3485 scribarum
1272 3422 1412 3505 ineptiis,

289 3538 358 3602 sive
391 3534 505 3599 famosi
539 3536 627 3599 illius
660 3536 807 3598 monachi
831 3534 1046 3598 Colmarensis
1070 3529 1308 3618 sive'aliorum,
1332 3535 1410 3617 quid

287 3669 354 3714 non
387 3649 494 3713 licuit!
528 3647 627 3713 Caute
650 3650 749 3732 igitur
772 3648 1011 3732 procedendum
1036 3648 1088 3712 hie
1111 3650 1139 3711 si
1164 3668 1302 3732 usquam
1327 3647 1413 3712 alibi.

322 3908 351 3973 l)
369 3909 406 3958 De
424 3907 554 3972 Lugduno
572 3907 663 3970 Capite
682 3907 887 3958 Germaniarum
906 3909 958 3959 vid.
977 3909 1049 3959 Bnon
1067 3908 1102 3958 l.l.
1121 3922 1146 3971 p.
1163 3907 1179 3957 4
1196 3922 1252 3972 sqq.

323 3998 351 4064 2)
368 4001 399 4049 In
417 3999 515 4048 Herme
531 3996 573 4058 69,
592 4013 616 4062 p.
633 3996 683 4049 586
700 4014 757 4063 sqq.

322 4090 351 4156 3)
369 4091 406 4140 De
424 4090 515 4140 tabula
533 4089 748 4154 Peutingeriana,
767 4091 834 4141 Dias.
854 4091 943 4142 Βοιιη.ι
955 4089 1030 4141 1876.

324 4185 352 4249 4)
370 4185 397 4234 Ε.
416 4198 440 4248 g.
466 4181 631 4246 Desjardins:
658 4182 750 4232 Revue
777 4183 930 4247 Historique
950 4180 1024 4244 1876,
1044 4197 1069 4246 p.
1088 4180 1137 4232 184
1154 4197 1212 4246 sqq.
1229 4183 1265 4233 La
1282 4183 1362 4234 Table
1380 4184 1413 4233 de

291 4274 446 4340 Peutinger,
464 4289 489 4338 p.
507 4272 540 4323 66
558 4288 629 4338 sqq.;
648 4273 817 4336 Sennonnnn,
835 4275 910 4325 Neue
926 4274 1016 4325 Jahrb.
1035 4274 1053 4324 f.
1072 4273 1165 4324 Philol.
1181 4273 1256 4339 1893,
1265 4290 1290 4339 p.
1299 4273 1348 4325 485
1357 4290 1415 4340 sqq.

291 4369 324 4420 cs.
341 4368 473 4427 Parmam,
489 4365 596 4429 ibidem,
616 4379 641 4429 p.
658 4363 708 4415 845
725 4380 784 4430 sqq.

324 4459 351 4527 5)
369 4459 416 4509 Die
434 4458 585 4511 Waltlrarte
601 4457 648 4508 des
664 4456 810 4525 Castorius,
828 4473 854 4522 p.
871 4456 912 4510 67.

1600 4239 1604 4468 t
