3240 5304
869 558 912 620 68

221 735 224 742 ’
326 761 425 808 causa
454 743 525 827 ipso
555 744 611 807 illo
646 748 798 828 tempore,
832 765 897 828 quo
932 744 1044 809 horrea
1079 744 1321 825 extruebantur,
1356 764 1448 808 oceu-

325 857 448 939 pandae
481 861 582 937 erant,
617 877 714 940 quam
738 877 779 922 ne
806 858 1051 941 interciperetur
1076 878 1213 921 annona.
1238 858 1350 922 Castra
1375 878 1449 922 vero

325 967 477 1034 Herculis
507 972 541 1033 in
572 968 692 1034 Tabula
724 971 974 1055 Peutingeriana
1000 977 1167 1054 ponuntur
1189 974 1222 1035 in
1249 975 1300 1035 via
1323 993 1342 1035 a
1365 972 1446 1054 Lug-

325 1083 412 1147 duno
445 1083 642 1148 Batavorum
679 1085 717 1147 ad
753 1084 989 1168 Noviomagum
1015 1085 1169 1163 ducente;
1193 1087 1225 1148 in
1252 1086 1447 1150 Batavorum

325 1198 427 1281 patria
448 1198 548 1281 igitur
570 1197 827 1280 inveniebantur,
850 1199 920 1262 sive
943 1201 990 1263 cis
1002 1202 1071 1262 sive
1083 1204 1171 1263 trans
1184 1198 1338 1263 Vahalem
1352 1222 1359 1278 3
1374 1221 1446 1263 nam

324 1311 358 1373 in
390 1309 500 1374 tabula
534 1308 668 1375 Rhenus
704 1309 901 1396 Vahalisque
933 1331 996 1374 non
1029 1314 1112 1376 inter
1137 1331 1170 1376 se
1195 1313 1447 1395 distinguuntur.

324 1420 440 1505 Itaque
463 1423 579 1488 addere
603 1442 793 1506 possumus:

371 1533 414 1598 4⁰.
438 1534 475 1598 In
502 1535 637 1599 Batavis
660 1541 764 1601 castra
789 1543 933 1622 occupat,
957 1537 1056 1620 idque
1079 1557 1226 1602 annonae
1244 1538 1451 1602 Britannicae

326 1669 424 1714 causa
458 1648 572 1714 fecisse
609 1668 682 1713 eum
717 1648 881 1732 probabile
916 1661 982 1729 est;
1018 1649 1077 1712 hoc
1112 1670 1213 1713 unum
1249 1653 1282 1713 iu
1308 1651 1447 1714 hostium

325 1763 551 1827 torrefactum
578 1769 634 1844 est,
657 1769 761 1827 cetera
784 1765 817 1826 in
842 1764 910 1828 solo
933 1763 1086 1827 Romano.

369 1875 408 1939 ln
433 1877 483 1940 his
507 1876 603 1940 rebus
627 1879 721 1940 annis
747 1878 820 1957 357,
845 1879 918 1957 358,
941 1877 1003 1939 359
1028 1876 1208 1942 tribuendis
1222 1880 1325 1942 secuti
1336 1897 1453 1942 sumus

325 1987 536 2072 8333313111),
572 1989 723 2072 idemque
758 1991 839 2054 duos
869 1991 1033 2054 Ammiani
1056 1991 1157 2055 fuisse
1179 1991 1283 2055 fontes
1306 1994 1447 2075 suspica-

325 2107 387 2183 tur,
422 2102 557 2166 alterum
596 2122 684 2167 more
707 2102 913 2184 Thucydideo
937 2105 970 2166 in
996 2110 1133 2168 aestates
1157 2106 1344 2188 hiemesque
1369 2125 1449 2188 opus

325 2216 532 2298 dividentem,
566 2217 701 2280 alterum
739 2217 931 2281 annalistam
969 2220 1002 2281 in
1036 2238 1138 2282 annos
1169 2219 1373 2298 consulares;
1406 2238 1447 2282 ex

326 2330 385 2393 hoc
397 2331 495 2413 igitur
509 2331 659 2394 haustum
674 2349 753 2411 esse,
766 2331 820 2393 ubi
834 2351 852 2394 a
865 2333 959 2394 novis
972 2329 1161 2396 consulibus
1173 2333 1286 2415 incipit
1298 2333 1448 2412 narratio,

325 2461 367 2506 ex
389 2443 455 2525 illo,
479 2443 533 2506 ubi
561 2463 626 2506 uno
651 2449 762 2508 tenore
785 2463 836 2508 res
858 2463 915 2527 per
938 2451 1035 2509 totam
1062 2446 1197 2509 hiemem
1222 2451 1332 2529 gestae
1356 2465 1448 2510 enar·

325 2561 445 2620 rantur.
471 2554 564 2632 Quod
588 2558 616 2620 si
641 2575 751 2621 verum
778 2562 834 2638 est,
846 2557 926 2621 fonti
939 2556 1147 2639 Thucydideo
1160 2558 1294 2622 debetur
1310 2562 1447 2639 l,anna-

326 2669 416 2734 listae
460 2671 607 2749 ceterae).
643 2667 691 2734 De
725 2670 876 2735 omnibus
911 2671 1025 2735 harum
1059 2691 1167 2735 rerum
1204 2671 1347 2736 lontibus
1384 2674 1448 2754 egit

325 2781 361 2845 Ε.
385 2802 448 2845 vos
472 2782 657 2861 Β3331333),
693 2784 758 2866 qui,
794 2785 821 2847 si
856 2785 1010 2848 rationem
1047 2805 1112 2848 non
1137 2785 1293 2850 hahemus
1317 2805 1446 2868 pugnae

325 2896 616 2978 Argentoratensis,
641 2895 722 2959 duos
747 2897 860 2960 statuit
882 2896 987 2962 fontes
1012 2900 1190 2981 primarios,
1213 2901 1319 2983 ipsum
1344 2899 1366 2962 J
1369 2899 1445 2962 ulia-

326 3027 403 3073 num
440 3011 483 3085 (et
513 3011 547 3072 in
584 3009 717 3091 epistola
749 3009 789 3072 ad
813 3010 1030 3074 Athenienses
1052 3014 1083 3074 et
1106 3013 1137 3074 in
1164 3011 1313 3094 operibus
1338 3013 1445 3094 deper-

326 3122 413 3200 ditis)
456 3127 487 3186 et
529 3121 738 3206 biographum
776 3123 909 3204 Juliani,
945 3144 1039 3209 quem
1072 3125 1249 3189 Sunnrusro
1280 3123 1446 3198 auctorat

325 3233 509 3298 Oribasium
535 3243 643 3298 vocat:
667 3234 799 3298 Juliano
823 3236 891 3299 solo
915 3257 1009 3300 usum
1032 3256 1102 3302 esse
1122 3237 1301 3318 libanium,
1314 3237 1445 3301 Juliano

325 3353 356 3411 et
391 3347 539 3411 Oribasio
574 3367 638 3410 non
668 3348 771 3412 solum
797 3351 962 3414 Ammiani
984 3351 1115 3431 fontem,
1138 3352 1195 3415 sed
1219 3353 1314 3414 etiam
1339 3351 1446 3414 Euna-

324 3465 413 3545 pium
436 3462 557 3526 Zosimi
581 3468 742 3526 auctorem
769 3463 941 3526 contendit.
966 3464 1083 3527 Contra
1107 3463 1278 3528 Hnosnnus
1292 3462 1315 3543 5)
1336 3484 1446 3529 omnes

326 3579 507 3661 scriptores,
542 3577 598 3658 qui
633 3594 683 3640 res
707 3596 724 3638 a
748 3575 880 3639 Juliano
904 3579 936 3640 in
963 3577 1065 3641 Gallia
1087 3587 1194 3661 gestas
1220 3582 1448 3659 enarraverint,

325 3691 432 3754 omnia
467 3708 508 3753 ex
543 3691 647 3773 ipsius
677 3688 800 3752 Juliani
824 3692 951 3773 seriptis
975 3691 1121 3756 hausisse
1145 3691 1297 3775 perhibet.
1322 3690 1449 3775 Optime

359 3960 387 4024 l)
406 3960 518 4010 Hermes
539 3959 569 4009 41
593 3961 640 4024 (Zu
659 3961 817 4012 Ammianus
836 3962 1025 4026 Marcellinus),
1044 3979 1067 4026 p.
1087 3963 1228 4014 sol-506.

359 4050 386 4116 2)
404 4052 605 4117 Thucydideum
634 4053 790 4103 Flavianum
815 4068 872 4103 esse
891 4060 975 4117 putat,
994 4055 1154 4105 annalistam
1173 4057 1286 4105 fortasse
1304 4057 1446 4121 Eutychia·

326 4160 391 4196 num
412 4145 477 4209 (l.l.,
495 4159 519 4208 p.
538 4142 596 4207 536,
614 4143 681 4204 538).

358 4236 386 4301 3)
406 4237 519 4287 Hermes
537 4235 578 4296 27,
596 4251 621 4299 p.
639 4233 689 4285 aba
698 4249 737 4300 sq.

359 4328 384 4389 4)
404 4327 440 4378 De
466 4328 579 4390 ratione,
605 4341 674 4390 quae
701 4327 848 4378 intercedat
877 4330 949 4380 inter
975 4331 1071 4381 Zosimi
1098 4335 1124 4381 et
1142 4331 1275 4380 Ammiani
1296 4331 1327 4379 de
1347 4331 1446 4381 helloa

325 4419 430 4468 iuliano
449 4420 610 4483 imperatore
631 4433 693 4467 eum
712 4418 800 4468 Persis
818 4425 891 4484 gesto
911 4423 1061 4485 relationes,
1079 4438 1103 4486 p.
1120 4421 1154 4472 93
1164 4437 1220 4486 sqq.

359 4509 387 4575 5)
406 4510 458 4560 Zur
477 4509 635 4560 Geschichte
653 4509 699 4558 des
719 4509 825 4560 Kaisers
841 4511 972 4564 Julianus.
992 4514 1082 4578 Progr.
1102 4512 1257 4563 Kreuznach
1277 4528 1318 4565 no.
1337 4511 1394 4565 408.
