3240 5304
844 547 886 612 58

344 732 443 800 Hisce
476 734 647 819 diligenter
676 735 870 799 examinatis
901 733 1029 798 duobus
1059 733 1138 799 locis
1168 735 1274 800 allatis
1296 735 1336 800 de
1359 756 1427 800 una

299 847 477 932 eademque
503 867 539 913 re
561 850 613 932 agi
637 849 710 912 luce
733 848 852 912 clarius
875 853 1015 932 apparet
1039 847 1167 912 Instant
1191 849 1317 913 barbari
1340 849 1425 914 Rbe-

299 981 407 1047 noque
440 964 717 1046 appropinquant3
753 962 810 1026 sed
845 961 1093 1026 Constantinum
1130 966 1236 1047 ipsum
1273 969 1426 1030 timentes

297 1079 454 1161 impetum
490 1097 555 1140 non
589 1076 728 1156 faciunt3
765 1076 852 1159 quod
886 1083 923 1140 ut
953 1078 1094 1141 audeant
1124 1084 1196 1142 astu
1227 1098 1282 1143 eos
1306 1080 1426 1163 pellicit

298 1192 487 1275 imperator:
516 1191 648 1254 simulat
670 1209 705 1254 se
727 1193 835 1274 ipsum
859 1191 1022 1255 absentem
1046 1211 1125 1256 esse
1149 1191 1236 1255 Huic
1259 1196 1426 1257 communi

299 1307 474 1368 narrationi
498 1311 635 1388 uterque
659 1307 874 1389 panegyricus
898 1307 1021 1389 aliquid
1040 1307 1146 1386 addit;
1160 1308 1303 1372 decimus
1315 1311 1423 1392 ipsum

298 1417 545 1482 Constantinum
582 1418 733 1482 barbaros
767 1420 877 1500 adiiso,
908 1439 1014 1483 nonus
1044 1440 1185 1501 cansam,
1220 1441 1278 1484 cur
1313 1421 1424 1504 abiret,

298 1533 476 1598 tumultum
511 1536 545 1597 in
580 1535 682 1597 limite
715 1536 874 1617 superiori
904 1542 1122 1599 commentum
1157 1555 1232 1600 eum
1257 1555 1335 1600 esse.
1358 1535 1424 1601 Res

298 1650 368 1732 ipsa
391 1667 466 1712 vero
490 1649 598 1712 eadem
624 1654 689 1727 θεῖς
714 1650 825 1732 itaque
848 1649 1261 1731 duobushisjunctislocis
1275 1654 1424 1734 sequitur

297 1782 376 1843 eam,
401 1782 497 1847 quam
522 1782 563 1827 ex
586 1763 680 1826 Italia
691 1782 841 1827 reversus
854 1765 1114 1846 vicitimperator
1124 1771 1252 1848 gentem
1266 1765 1422 1828 lubricam

300 1899 404 1963 „quae
425 1878 521 1942 fidem
544 1877 705 1962 ruperat‘’,
730 1883 765 1942 ut
781 1880 848 1960 jam
868 1880 1021 1962 suspicati
1041 1899 1181 1954 oramus,
1191 1879 1421 1943 Bructerorum

296 1993 407 2072 fuisse,
430 2012 503 2056 cum
529 1991 649 2075 quibus
672 1993 835 2072 conjuncti
859 1998 950 2056 erant
969 1992 1105 2056 Nazario
1125 1999 1255 2057 auctore
1268 1992 1423 2056 Chamavi

298 2106 452 2170 Cherusci
477 2107 661 2189 Vangiones
679 2105 854 2170 Alemanni
875 2106 1046 2172 Tubantes.
1069 2107 1159 2172 Inter
1182 2128 1265 2191 quos
1285 2108 1423 2192 populos

297 2228 328 2286 et
352 2221 530 2285 Chamavos
554 2222 714 2284 nominari
736 2222 896 2304 estquod
919 2225 1089 2302 miremur3
1110 2243 1186 2287 nam
1206 2243 1279 2286 cum
1304 2223 1423 2304 „Fran-

297 2335 367 2400 cis”
390 2337 450 2400 boc
473 2343 615 2419 tompore
637 2356 703 2399 nou
724 2336 893 2400 dimicasse
912 2336 1160 2401 Constantinum
1180 2338 1422 2421 suprademon-

297 2453 488 2528 stravimus3
512 2469 550 2512 ac
574 2450 613 2513 de
634 2448 808 2529 „Francis”
823 2452 889 2532 jam
914 2451 1042 2515 locutus
1064 2458 1113 2514 est
1137 2451 1419 2535 Nazariusregum

296 2584 407 2629 eorum
432 2564 627 2647 supplicium
652 2583 908 2628 commemorans
928 2567 962 2627 in
982 2567 1110 2649 imperii
1133 2565 1315 2648 cunabulis,
1339 2587 1422 2650 quo·

297 2699 371 2742 cum
395 2682 514 2763 optime
533 2679 731 2741 conveniunt
753 2678 808 2741 alii
831 2699 913 2762 quos
936 2679 1106 2743 attulimus
1129 2681 1200 2758 loci,
1224 2680 1279 2743 ubi
1307 2681 1422 2765 „adep-

296 2799 349 2856 tus
382 2793 564 2875 imperium,
598 2793 634 2862 ὥς
668 2789 721 2852 ἐπὶ
756 2797 811 2863 τῆς
836 2791 1000 2868 βκσιλείκς
1024 2788 1135 2871 ἵδρυτο,
1160 2798 1249 2876 patro
1273 2794 1422 2858 mortuo'’

296 2925 448 2987 agressus
471 2924 526 2968 eos
549 2924 620 2969 esse
643 2910 798 2968 narratur.
823 2906 961 2970 Prorsus
984 2907 1074 2972 aliud
1096 2909 1197 2990 igitur
1214 2907 1352 2972 Nazario
1373 2915 1423 2973 est

298 3017 417 3081 bellum
441 3017 631 3080 Francicum
652 3024 683 3081 et
704 3018 823 3082 bellum
837 3040 911 3082 cum
926 3019 1104 3101 chamavis,
1116 3041 1141 3084 ε.
1153 3042 1180 3084 a.
1193 3043 1223 3083 v.
1235 3042 1292 3105 pro
1305 3023 1421 3087 iisdem

299 3151 362 3194 non
387 3130 482 3194 habet
505 3129 685 3193 Chamavos
708 3137 740 3194 et
763 3131 919 3211 Francos3
941 3135 999 3196 hos
1012 3136 1105 3198 initio
1117 3137 1208 3218 regni
1222 3136 1421 3219 depugnavit

295 3247 475 3330 imperator,
498 3245 545 3308 illi
569 3245 799 3308 Bructerorum
823 3254 915 3311 erant
937 3251 1017 3311 socii
1039 3250 1073 3311 in
1098 3249 1192 3330 bello,
1212 3252 1245 3312 in
1267 3270 1420 3333 quocum

298 3360 470 3440 „Francis”
494 3379 558 3423 non
582 3380 774 3442 congressus
797 3356 889 3437 θεῖ’).

341 3473 488 3538 Ceterum
516 3474 602 3557 apud
625 3473 817 3557 Eutropium
843 3481 876 3538 et
896 3475 1055 3540 Joannem
1080 3478 1321 3540 Antiochenum
1346 3479 1423 3542 Ale·

295 3591 415 3670 manni,
446 3607 529 3670 quos
556 3607 631 3650 cum
655 3586 821 3651 Bructeris
843 3589 1010 3672 conjungit
1032 3589 1201 3671 Nazarius,
1223 3589 1422 3655 Francorum

294 3703 373 3766 socii
409 3703 635 3780 nominantur;
671 3702 710 3765 do
744 3700 828 3765 bello
863 3704 969 3784 priore
999 3704 1051 3766 hic
1081 3707 1134 3786 agi
1154 3709 1283 3788 propter
1306 3725 1421 3788 regum

294 3820 459 3897 captorum
484 3814 660 3898 bestiisque
676 3815 873 3896 objectorum
887 3818 1082 3880 mentionem
1095 3823 1239 3896 constat;
1253 3824 1310 3882 aut
1322 3820 1423 3902 igitur

295 3946 406 3992 revera
428 3935 506 3990 tunc
530 3947 604 3992 cum
628 3928 760 3992 Franms
783 3931 992 4010 conjuravere
1012 3931 1195 4014 Alemanni,
1207 3933 1295 4016 quod
1309 3935 1422 4000 minus

299 4171 444 4180 ——

326 4337 354 4402 l)
373 4338 469 4388 Utrum
493 4350 586 4386 revera
612 4339 704 4384 contra
727 4349 820 4384 ornnes
838 4335 897 4384 illas
915 4339 1009 4398 gentes
1026 4335 1195 4399 pugnaverit,
1214 4351 1248 4386 an
1267 4338 1423 4402 panegyrici

291 4430 395 4480 auctori
421 4430 529 4478 uomina
554 4427 714 4492 grandisona
739 4426 898 4484 debeantur,
914 4426 1056 4490 dijudicari
1075 4441 1128 4477 nou
1143 4432 1248 4490 potest:
1264 4428 1315 4478 hoc
1334 4444 1421 4479 unum

291 4523 475 4572 demonstrare
492 4520 573 4585 volui,
590 4519 732 4569 Neratium
749 4517 896 4568 Chamavos
912 4534 966 4568 nou
984 4533 1031 4582 pro
1050 4519 1159 4569 Francis
1175 4519 1316 4571 habuisse.
