3240 5304
852 548 893 614 50

311 741 393 802 nutu
417 737 604 804 Neruiorum
627 743 656 803 et
674 737 878 804 Treuirorum
900 758 979 802 arao
1003 735 1135 818 iacentia
1156 734 1437 815 aelutpostliminio

308 853 472 916 restitutus
492 857 522 917 et
544 859 684 933 receptas
705 853 739 916 in
762 852 840 936 lepos
863 851 1015 916 Francus
1037 850 1188 916 excoluit:
1205 850 1253 914 ita
1275 870 1362 913 nanc
1375 869 1436 933 per

308 967 456 1032 vicarias
489 972 562 1032 tuos
592 967 740 1054 quicquid
771 967 958 1050 infrequens
989 967 1146 1030 Ambiano
1169 969 1197 1030 et
1221 964 1384 1030 Bellovaco
1405 970 1436 1029 et

309 1081 492 1147 Tricassino
515 1081 578 1146 solo
598 1081 827 1166 Linponicoqae
838 1081 985 1164 restabat,
997 1081 1131 1146 barbaro
1142 1080 1259 1146 cultore
1270 1079 1436 1143 revirescit.

353 1196 395 1261 ut
417 1198 450 1259 in
475 1196 675 1279 Panegyrico
701 1194 897 1259 Maximiano
921 1202 953 1258 et
977 1193 1187 1258 Constantino
1202 1192 1240 1274 ¹):
1265 1192 1366 1256 multa
1384 1191 1436 1256 illc

310 1305 539 1389 (Constantius)
574 1307 777 1372 Francorum
813 1307 910 1389 milio,
944 1308 1001 1388 qui
1031 1306 1203 1373 Bataviam
1226 1306 1369 1391 aliosque
1391 1307 1437 1369 cis

310 1420 456 1486 Rhenum
480 1425 582 1486 terras
603 1422 799 1500 invaserant,
823 1420 981 1504 interfecit
1000 1418 1119 1500 depulit
1142 1419 1218 1500 oepit
1242 1419 1382 1482 abducit.

354 1535 521 1599 Postremo
554 1537 587 1598 iu
614 1535 812 1618 Panegyrico
837 1533 1102 1613 Cousmntino⁹):
1127 1533 1200 1597 dum
1225 1531 1436 1614 aedificandis

308 1647 459 1713 classibus
493 1648 688 1712 Britanniae
715 1649 900 1732 reciperatio
923 1654 1124 1732 comparatur
1138 1645 1169 1726 ³),
1191 1652 1309 1711 terram
1333 1646 1435 1711 Bata·

309 1762 392 1825 aiam
425 1761 482 1825 snb
515 1761 582 1842 ipso
616 1761 773 1846 quandam
805 1762 934 1828 alumno
957 1782 1014 1826 suo
1037 1783 1057 1826 a
1081 1761 1212 1826 diversis
1240 1761 1436 1825 Francorum

307 1875 450 1957 pentibus
484 1881 664 1956 occupatam
697 1876 736 1940 ab
771 1877 854 1940 omni
888 1876 970 1941 hoste
1003 1876 1152 1962 purpavit
1185 1896 1240 1939 nec
1273 1881 1438 1940 contentus

309 1988 419 2052 vicisse
454 1987 538 2068 ipsm
571 1990 605 2053 in
637 1990 801 2054 Romanas
824 1989 991 2055 transtulit
1014 1991 1169 2072 natioms,
1191 1996 1227 2054 ut
1250 2009 1315 2054 uon
1336 1989 1435 2054 solum

310 2121 411 2184 arma,
432 2103 487 2166 sed
508 2104 601 2166 etiam
624 2103 781 2186 feritatem
803 2122 919 2183 ponere
938 2110 1141 2186 caperentur.
1156 2153 1162 2166 .
1176 2153 1201 2166 ..
1223 2102 1306 2182 Quid
1324 2103 1436 2187 mquar

311 2234 426 2279 rursus
448 2216 576 2280 intimas
601 2215 755 2280 Franciae
778 2219 921 2282 nationes
942 2219 1011 2299 jam
1033 2237 1097 2282 nou
1119 2218 1159 2282 ab
1182 2216 1231 2280 ais
1250 2216 1333 2300 locis,
1356 2237 1438 2302 quae

309 2329 382 2394 olim
406 2329 546 2395 hmani
567 2331 759 2413 inuaserant,
783 2331 836 2396 sed
859 2353 880 2396 a
901 2332 1042 2416 propriis
1065 2353 1103 2396 ec
1121 2331 1437 2416 oripiuesuisedibus

310 2451 402 2532 atque
437 2445 477 2509 ab
510 2444 629 2509 ultimis
659 2444 826 2510 barbariae
858 2444 1001 2510 litoribus
1031 2445 1168 2527 caumas,
1191 2449 1228 2508 ut
1249 2445 1283 2508 in
1307 2444 1437 2508 desertis

313 2558 437 2624 Galliae
470 2559 647 2641 ropionibus
678 2558 839 2624 collocatae
862 2563 890 2623 et
909 2579 1017 2639 pacem
1041 2558 1179 2624 Romam
1201 2559 1326 2638 imperii
1348 2558 1436 2622 cultu

308 2671 456 2753 juvarent
490 2679 518 2736 et
551 2692 642 2736 arma
673 2671 811 2736 dilecta?
845 2672 929 2752 Quid
950 2675 1117 2738 immanem
1139 2693 1178 2737 ea
1199 2672 1331 2736 diensis
1356 2671 1435 2735 Ger-

310 2804 476 2850 manorum
507 2786 632 2866 papalis
664 2785 906 2868 multitudinem,
930 2807 1025 2873 qaam
1049 2787 1184 2851 duratus
1205 2785 1277 2869 peta
1299 2786 1435 2851 Rbenus

310 2898 452 2964 illexerat
476 2900 680 2981 alimaniam,
704 2921 799 2985 quam
822 2902 952 2965 diuortio
976 2902 1026 2964 sui
1048 2901 1130 2965 idem
1150 2902 1256 2964 amnis
1275 2900 1430 2980 amplecti-

311 3018 373 3094 tur,
395 3013 531 3092 pedestri
553 3013 678 3096 apmiue
699 3034 780 3077 ausa
803 3015 1017 3079 transmittere
1039 3020 1166 3094 repente
1189 3013 1295 3078 lanato
1304 3012 1434 3093 flumine

311 3125 510 3190 clauderetur
544 3133 572 3190 et
603 3127 741 3191 dimissis
771 3129 877 3191 statim
900 3129 1021 3193 obsessa
1044 3128 1180 3210 naoipiis
1201 3129 1248 3192 ita
1271 3148 1302 3191 se
1324 3127 1434 3192 dedere

311 3244 467 3322 caperetur
489 3246 533 3321 at,
554 3240 637 3326 qaod
659 3238 826 3323 difficilius
849 3245 901 3322 est,
924 3247 1005 3304 sorte
1027 3241 1182 3305 communi
1204 3240 1331 3322 eleperet
1349 3246 1377 3305 et
1397 3260 1434 3303 ea

310 3374 416 3440 aequo,
448 3373 525 3441 quos
558 3353 735 3437 captivitati
768 3354 915 3438 traderet,
938 3354 1081 3419 relatura
1104 3374 1173 3418 eum
1196 3354 1340 3435 reliquiis
1363 3353 1433 3417 suis

309 3468 483 3551 infamiam
501 3467 690 3547 proditionis
713 3485 849 3530 suoram.

355 3580 453 3645 Hisce
473 3581 512 3646 de
533 3579 709 3644 Constantii
722 3579 829 3643 Chlori
842 3580 1040 3665 temporibus
1053 3579 1076 3660 ⁴)
1089 3581 1169 3645 locis
1182 3580 1334 3696 affirmari
1347 3580 1434 3645 vide-

314 3763 458 3772 —.——-

343 3881 372 3945 l)
390 3882 486 3945 Paneg.
504 3881 546 3944 vl,
564 3879 592 3943 l;
610 3879 717 3930 habitus
737 3881 815 3942 paulo
833 3886 891 3944 post
908 3896 1010 3930 annum
1027 3879 1085 3931 305.

345 3972 373 4036 2)
391 3972 558 4037 Paneg.V11‚
574 3970 590 4020 5
608 3985 662 4034 sq.;
682 3971 789 4021 habitus
805 3987 876 4022 anno
893 3971 951 4022 310.

344 4064 372 4131 3)
390 4065 488 4115 Eadem
506 4078 586 4114 causa
602 4063 682 4112 datur
700 4064 763 4113 Pau.
782 4064 811 4127 V,
830 4062 853 4115 7.

345 4157 373 4223 l)
391 4157 555 4207 Francorum
581 4169 624 4204 res
651 4159 738 4218 gestas
764 4169 795 4204 eo
820 4159 941 4219 tempore
967 4159 1086 4205 tractans
1112 4155 1237 4205 omittere
1255 4169 1309 4204 uon
1327 4168 1436 4218 possum

312 4249 560 4302 mercennariorum
587 4249 750 4298 Francorum
778 4246 805 4297 in
833 4247 950 4298 Britauia
977 4262 1063 4314 casus,
1089 4247 1136 4311 qui
1160 4248 1198 4297 sic
1223 4251 1385 4297 enarrantur
1409 4246 1437 4296 in

313 4342 474 4407 Panegyrico
492 4341 587 4405 quinto
607 4338 674 4404 (17):
696 4339 856 4398 »enimverm
874 4339 970 4390 Caesar
988 4339 1096 4400 invicte,
1114 4338 1226 4389 deorum
1243 4337 1436 4388 immortalium

312 4434 362 4484 tibi
388 4438 429 4484 est
454 4433 559 4483 addicta
585 4445 717 4482 consensu
822 4431 966 4496 praecipue
992 4430 1141 4482 internecio
1160 4431 1333 4495 Francorum,
1351 4434 1383 4480 ut
1399 4430 1441 4480 illi

314 4540 422 4591 quiaque
441 4525 540 4575 milites
561 4524 652 4590 vestri,
670 4520 717 4587 qui
737 4537 784 4587 per
802 4538 922 4574 errorem
943 4524 1065 4574 nebulosi
1168 4523 1251 4574 maris
1269 4522 1390 4588 abjuncti
1407 4521 1440 4571 ad
