3240 5304
852 535 872 597 4

296 730 407 790 contra
441 744 478 790 eo
514 724 617 808 modo,
654 730 691 788 ut
725 725 832 789 looum
870 728 1013 788 mutasse
1046 742 1099 788 aas
1127 728 1286 807 appareat.
1309 721 1422 807 Neque

295 858 345 904 me
367 838 451 923 fugit
481 840 540 903 hac
563 841 595 902 in
621 858 655 904 re
678 859 806 904 summa
830 839 979 902 cautione
1002 857 1083 921 opus
1107 856 1187 919 esse,
1206 838 1271 919 jam
1297 839 1356 901 hac
1381 839 1421 901 de

294 973 400 1036 causa,
435 953 520 1038 quod
551 954 655 1037 ipsius
686 954 746 1017 soli
778 952 919 1016 conditio
953 951 1191 1035 fluminumque
1223 972 1338 1016 cursus
1363 971 1420 1036 per

295 1067 495 1133 saeculorum
522 1068 635 1151 viginti
660 1069 799 1151 spatium
820 1067 938 1131 eximie
962 1067 1076 1130 mutati
1096 1072 1190 1146 sunt3
1215 1086 1340 1150 semper
1352 1086 1377 1130 θ.
1389 1088 1420 1150 g.

293 1182 468 1247 tenendum
505 1188 553 1246 est
589 1187 686 1246 totam
723 1184 885 1265 regionem
919 1182 999 1245 mari
1031 1182 1210 1265 proximam
1235 1201 1277 1246 ex
1300 1181 1418 1245 insulis

295 1297 486 1377 constitisse,
510 1301 579 1358 tum
603 1293 751 1358 Rhenum
778 1313 910 1358 cursum
936 1300 1078 1359 mutasse
1093 1296 1160 1376 jem
1185 1296 1278 1378 pueri
1292 1294 1423 1358 diseunt

295 1408 429 1474 inludo
453 1409 617 1490 litterario,
640 1410 679 1473 de
703 1408 839 1472 lacubus
864 1408 1118 1492 ascriptoribus
1143 1410 1316 1473 nominatis
1340 1409 1420 1471 nihil

295 1525 454 1587 novimus.
489 1521 617 1603 Tamen,
641 1522 727 1605 quod
752 1523 791 1586 ad
815 1542 973 1586 summam
999 1542 1066 1587 rem
1091 1523 1212 1603 attinet,
1236 1523 1314 1587 haec
1338 1523 1419 1586 difli-

295 1636 398 1700 cultas
431 1656 495 1701 non
528 1641 617 1699 tanta
649 1641 705 1718 θεῖ,
737 1641 857 1718 quanta
888 1635 988 1699 videri
1014 1637 1123 1720 possit.
1148 1635 1275 1700 Etenim
1301 1655 1337 1700 ea
1361 1637 1420 1700 soli

295 1751 397 1814 nostri
420 1754 451 1814 et
474 1749 646 1813 fluminum
671 1769 787 1813 cursus
812 1751 946 1812 mutatio
970 1769 1032 1813 non
1058 1755 1146 1813 tanta
1166 1755 1223 1832 θεῖ,
1236 1755 1271 1814 ut
1292 1750 1421 1814 notitiae

295 1865 369 1928 illae
404 1866 443 1929 de
474 1867 560 1928 stahr
585 1865 705 1947 patriae
728 1869 857 1928 nostrae
880 1864 944 1927 illis
967 1863 1167 1947 temporibus
1191 1866 1421 1948 geographicae

295 1979 390 2063 plane
424 1978 556 2042 inutiles
592 1979 666 2042 sint.
702 1976 755 2041 Sic
790 1975 896 2040 Rheni
923 1995 1039 2041 cursus
1062 1978 1151 2042 illius
1175 1979 1286 2042 aetatis
1310 1977 1349 2042 ab
1374 1997 1421 2060 eo,

297 2093 354 2175 qui
378 2111 467 2155 nunc
490 2097 546 2173 est,
571 2091 656 2155 haud
680 2091 818 2154 multum
844 2090 993 2155 diversus
1015 2090 1095 2172 fuit;
1116 2096 1420 2175 tuncquoquepar·

296 2207 354 2270 tim
378 2205 511 2269 Vahalis
534 2207 664 2270 nomine
687 2223 744 2288 per
768 2203 876 2268 Mosae
900 2205 1018 2269 ostium
1043 2205 1076 2267 in
1091 2203 1424 2286 mareeffundehatur‚

296 2321 411 2405 partim
442 2320 482 2382 ad
514 2319 747 2402 septentriones
778 2337 891 2382 versus
920 2338 979 2381 suo
1003 2319 1134 2382 nomine
1157 2337 1312 2382 oceanum
1339 2324 1423 2402 pete·

296 2433 358 2498 bat.
382 2432 497 2517 Neque
520 2433 547 2496 si
572 2453 600 2494 v.
625 2451 650 2495 c.
675 2431 714 2494 de
737 2431 857 2515 populo
879 2431 1018 2515 quodam
1038 2430 1159 2495 flumen
1173 2431 1307 2515 aliquod
1320 2438 1422 2495 trans-

296 2546 462 2630 gradiente
485 2550 541 2609 aut
563 2545 703 2608 insulam
729 2545 870 2629 aliquam
890 2545 1051 2610 incolente
1063 2548 1208 2629 quaestio
1221 2551 1277 2623 θεῖ,
1290 2565 1421 2610 necesse

297 2663 354 2740 est,
375 2663 411 2722 ut
435 2655 534 2740 hujus
554 2657 700 2721 fluminis
724 2677 857 2722 cursum
881 2664 938 2721 aut
960 2658 1087 2723 insulae
1106 2660 1203 2723 situm
1218 2679 1315 2744 quam
1328 2679 1423 2723 accu-

297 2774 456 2837 ratissime
480 2771 613 2835 definire
635 2773 813 2855 possimus3
838 2772 866 2836 si
889 2772 928 2836 de
951 2774 1001 2837 his
1026 2775 1179 2838 universe
1198 2778 1324 2838 tantum
1345 2775 1423 2838 satis

298 2891 431 2969 constat,
455 2886 550 2970 plane
581 2885 708 2950 sufficit.
733 2884 823 2950 Tunc
846 2887 976 2950 demum
1000 2887 1033 2949 in
1058 2888 1229 2952 discrimen
1251 2890 1339 2952 venit
1362 2907 1424 2970 res,

298 3003 326 3066 si
361 3001 465 3064 amnis
500 3019 615 3064 cursus
638 2999 758 3062 indicio
782 3004 838 3063 aut
861 3000 988 3064 insulae
1012 3002 1095 3065 situs
1119 3000 1252 3066 definire
1274 3008 1422 3065 accurate

299 3133 392 3198 posse
423 3113 516 3178 nobis
547 3113 703 3196 videmur,
727 3113 783 3177 ubi
808 3132 833 3177 e.
855 3134 884 3197 g.
911 3115 1002 3178 vicus
1026 3114 1144 3199 aliquis
1168 3115 1254 3199 apud
1276 3121 1422 3179 auctores

298 3233 567 3293 commemoratus
591 3229 674 3292 situs
696 3227 801 3292 fuerit.
826 3227 877 3291 Ab
903 3229 961 3291 hoc
985 3229 1085 3312 igitur
1096 3227 1323 3293 abstinendum
1337 3231 1424 3294 vide·

298 3349 361 3425 tur,
392 3360 499 3426 neque
526 3341 690 3425 inquirere
713 3340 807 3405 nobis
830 3341 863 3402 in
889 3342 995 3404 animo
1019 3344 1076 3423 est,
1095 3359 1119 3405 e.
1142 3361 1172 3423 g.
1197 3346 1306 3405 uhum
1330 3341 1423 3405 Bata-

300 3457 458 3520 vodurum
500 3454 598 3518 fuerit
638 3452 769 3517 Ruimel
803 3473 905 3518 necne
940 3458 971 3519 θῖ
1006 3455 1165 3536 ejusmodi
1200 3456 1421 3539 quaestiones3

299 3570 453 3633 minutias
482 3568 555 3631 illas
590 3586 654 3630 non
689 3568 885 3651 attingemus
920 3567 976 3632 sed
1007 3570 1137 3633 nonnisi
1169 3568 1208 3632 de
1239 3588 1424 3634 summare

299 3702 441 3768 agemus.
473 3680 554 3744 Tum
589 3681 737 3744 consulto
772 3681 811 3745 de
845 3681 967 3745 notitiis
997 3682 1149 3764 temporis
1180 3683 1366 3766 posterioris
1388 3684 1422 3745 in

299 3797 384 3861 Vitis
413 3794 603 3859 Sanctorum
627 3798 659 3857 et
682 3795 840 3875 ejusmodi
864 3796 990 3879 scriptis
1014 3796 1150 3859 servatis
1172 3814 1237 3858 non
1262 3797 1322 3879 egi,
1348 3798 1424 3878 quia

299 3916 427 3997 proptor
449 3907 578 3972 crebras
598 3909 813 3991 migrationes,
838 3909 916 3993 quid
939 3911 973 3972 in
997 3909 1112 3992 priscis
1135 3908 1267 3973 sedibus
1278 3913 1422 3974 statuen-

299 4027 349 4091 dis
372 4024 509 4104 valeant,
533 4022 664 4085 omnino
689 4040 753 4084 non
773 4023 847 4104 jure
871 4022 1033 4087 aestimari
1053 4025 1165 4106 potest.

343 4139 383 4203 In
407 4138 466 4201 hac
489 4135 714 4219 disputationis
737 4141 826 4219 parte
851 4136 1070 4220 componenda
1095 4135 1158 4200 duo
1181 4135 1275 4200 nobis
1298 4154 1423 4220 semper

300 4257 333 4317 in
368 4251 517 4316 manibus
553 4254 644 4311 erant
678 4267 775 4332 opera
808 4249 847 4313 de
881 4249 979 4314 rebus
1014 4250 1273 4333 ethnographiois
1297 4251 1424 4334 scripta,

302 4368 437 4431 alterum
459 4366 525 4447 jam
550 4363 740 4427 ann0183t
767 4362 899 4447 editum,
924 4363 1060 4428 (lassam
1083 4362 1200 4427 Zuuss:
1226 4361 1305 4445 „Die
1325 4362 1424 4429 Deut-

301 4482 399 4548 schen
424 4480 491 4543 und
515 4479 565 4544 die
588 4476 903 4564 Nachbarstamme,”
920 4480 1002 4547 liber
1028 4481 1214 4544 etiamnunc
1234 4479 1425 4546 utilissimus
