3240 5304
810 523 853 588 54

266 711 370 796 ripam
404 711 544 775 inermus
578 709 715 796 oqrieola
745 715 773 775 et
804 715 865 775 tolo
894 711 997 784 nostri
1028 730 1136 794 qreqes
1159 710 1279 774 bicorni
1300 729 1393 776 amne

266 830 456 892 mersantur.
487 823 577 890 Haeo
605 829 650 889 est
680 829 746 909 tuo,
770 823 982 906 Constantine,
1005 824 1043 889 de
1065 823 1212 888 Assorini
1234 823 1392 906 Meroqai·

266 941 390 1027 sique¹)
424 940 575 1024 supplicio
609 941 770 1006 cotidiana
806 946 900 1027 atque
929 947 1059 1004 aeterua
1090 939 1219 1004 oiotorio
1253 937 1393 1003 omnibus

267 1055 426 1138 quondam
448 1055 590 1120 secundis
609 1054 736 1136 proeliis
759 1053 987 1134 anteponenda.

313 1171 355 1235 nt
389 1171 600 1255 sequentibus
636 1171 842 1255 paragraphis
854 1166 896 1249 ²J:
933 1170 1024 1234 etiam
1058 1169 1198 1232 immisso
1229 1166 1395 1231 Bructeris

268 1286 440 1350 vastatione
574 1284 710 1349 exercitu
739 1290 865 1368 repente
888 1283 1016 1365 traiecto
1039 1281 1240 1366 inopinantes
1262 1281 1395 1344 adortus

269 1419 310 1481 es,
343 1418 406 1463 non
437 1419 497 1485 quo
519 1403 628 1484 oporto
651 1399 761 1462 Marte
783 1396 959 1481 diffideres,
981 1401 1017 1460 ut
1040 1397 1098 1481 qui
1118 1394 1228 1476 palam
1250 1395 1396 1476 eonqreeli

269 1513 443 1595 maluisses,
476 1513 530 1577 sed
563 1517 598 1576 ut
633 1511 690 1576 illo
725 1511 812 1576 natio
833 1512 993 1595 perfuqiis
1016 1511 1171 1574 silvarum
1193 1514 1222 1573 el
1237 1508 1395 1593 paludum

269 1625 381 1691 bellam
414 1625 503 1690 solita
537 1626 697 1710 frustrari
730 1626 827 1710 fuqae
851 1629 971 1707 tempus
994 1625 1155 1688 amitteret.
1182 1623 1272 1688 Gaesi
1293 1623 1394 1708 iqitur

269 1739 524 1820 innumerabiles,
558 1740 644 1819 eapti
671 1739 814 1822 plurimi,
849 1737 1000 1822 quioquid
1032 1738 1098 1821 fuit
1125 1737 1244 1818 peeoris
1266 1741 1393 1816 raptum

270 1861 327 1918 aut
349 1853 542 1918 trucidatum
565 1861 618 1936 est,
640 1855 701 1918 olei
722 1875 824 1919 omnes
846 1855 919 1938 ique
942 1854 1122 1934 consumpti.
1143 1854 1280 1934 Insuper
1302 1853 1394 1918 etiam

270 1967 498 2053 Aqrippiuensi
514 1974 611 2052 ponte
632 1967 783 2051 fociunolo
805 1967 948 2052 reliquiis
969 1966 1111 2051 afflictae
1127 1968 1230 2049 qentis
1248 1966 1394 2047 insultas,

271 2102 310 2147 ne
345 2101 493 2169 umquam
528 2087 625 2146 melus
656 2089 766 2167 ponat,
797 2102 917 2162 semper
948 2081 1084 2163 horreat,
1198 2101 1267 2146 oum
1290 2089 1396 2146 tomen

272 2196 325 2261 lroo
349 2201 383 2260 tu
406 2197 505 2279 moqis
527 2197 570 2260 ael
591 2196 724 2279 qloriam
747 2196 873 2276 imperii
895 2196 943 2260 tui
964 2201 992 2260 ot
1009 2203 1158 2261 ornatum
1170 2195 1278 2260 limitis
1291 2196 1397 2277 foelus

271 2330 367 2391 quam
402 2310 446 2374 ml
481 2310 675 2392 facultatem,
699 2309 839 2394 quotiens
860 2308 944 2390 uelis,
966 2310 1001 2373 in
1024 2309 1175 2374 lostioum
1198 2308 1396 2385 transeundi,

271 2426 386 2510 quippe
419 2445 487 2489 eum
523 2429 606 2489 tolus
636 2426 769 2489 armatis
798 2423 931 2488 naoilm
953 2423 1084 2488 Rhenus
1107 2424 1281 2487 instructus
1303 2423 1346 2486 sit
1368 2430 1397 2488 et

271 2539 351 2619 riqis
373 2538 515 2602 omnibus
537 2558 634 2624 usque
657 2537 700 2601 od
721 2557 867 2602 oceanum
885 2538 1057 2617 dispositus
1076 2537 1162 2602 miles
1173 2537 1396 2600 immineat...

274 2651 361 2717 Oerte
384 2651 508 2733 quiolem
531 2651 596 2732 (loo
617 2654 703 2734 opus)
725 2653 793 2733 jam
818 2651 873 2715 libi
895 2652 928 2714 in
951 2652 1077 2716 enorele'o
1097 2651 1290 2716 suilostium
1304 2651 1396 2714 movit

272 2765 424 2850 obsequia,
459 2765 515 2849 qui
547 2785 653 2848 paoem
683 2765 837 2848 supplices
864 2764 1032 2846 petierunt,
1055 2765 1258 2830 nobilissimos
1280 2764 1397 2828 obsides

206 2913 208 2920 ·
272 2876 458 2941 obtulerunt.
485 2876 537 2941 liro
560 2897 622 2962 quo
644 2896 732 2940 nemo
755 2877 877 2940 arelital
900 2876 977 2962 quiet
997 2878 1138 2962 perfeeto
1158 2883 1253 2962 ponte
1275 2879 1396 2962 facturi

273 2991 347 3071 sint,
371 2991 426 3075 qui
442 2991 513 3077 jam
536 2991 680 3054 serviunt
703 2989 852 3055 inchoato.

318 3102 464 3168 Rlenum
498 3108 534 3168 tu
567 3103 700 3189 quidem,
734 3105 812 3168 haec
836 3105 918 3168 elius
944 3108 1128 3189 panegyrici
1153 3112 1229 3170 sunt
1252 3102 1395 3185 verbo³),

273 3221 334 3279 loto
354 3214 460 3279 limine
482 3216 639 3295 dispositis
661 3216 847 3281 exercitibus
870 3221 970 3280 tulum
995 3218 1189 3299 reliqueras.
1205 3267 1210 3280 .
1224 3267 1250 3281 ..
1272 3223 1301 3282 et
1318 3217 1395 3303 quial

273 3350 350 3412 opus
372 3336 441 3394 erat
462 3330 525 3409 ipsi
548 3329 655 3394 Rleuo
678 3331 843 3393 instructis
867 3335 895 3393 el
919 3331 1068 3395 militibus
1088 3337 1117 3395 et
1136 3331 1396 3416 elassibus,qnem

270 3445 337 3525 jam
355 3443 477 3524 priolem
489 3443 632 3507 barbaris
643 3443 824 3508 notionibus
836 3444 962 3508 uirtutis
974 3450 1046 3508 tuoe
1058 3450 1160 3509 terror
1170 3444 1397 3509 obstruxerat?

319 3557 411 3620 Italia
447 3576 521 3620 voro
555 3556 717 3621 Maxentio
741 3564 859 3640 erepto,
882 3573 943 3621 non
966 3558 1027 3621 otio
1050 3564 1078 3620 te
1101 3562 1131 3622 et
1154 3558 1251 3644 quieti
1274 3557 1397 3640 dedisti,

273 3669 327 3734 sed
349 3669 451 3734 eodem
474 3671 599 3754 impetu,
621 3689 682 3755 quo
704 3670 845 3734 redieras
868 3673 904 3735 in
929 3671 1055 3736 Gallius
1077 3677 1157 3747 tuas,
1178 3652 1344 3751 perrexisti
1355 3673 1398 3736 orl

278 3837 418 3845 ——-1

275 3940 385 4003 φρουρίοις
404 3938 445 3988 καὶ
462 3938 559 4001 πύργοις
578 3938 744 4002 διειλημμένας
763 3947 802 3993 καὶ
821 3943 909 4000 παντὸς
927 3944 970 3990 τοῦ
988 3947 1160 4003 στρατιωτικοῦ
1176 3943 1242 3991 κατα
1260 3949 1340 3992 ταῦτα
1355 3941 1398 3997 τὴν

276 4029 363 4088 o'iuuoro
391 4029 490 4093 ’ἔχοντος
516 4029 599 4092 liumus
616 4037 665 4091 τοῖς
683 4033 807 4095 βαρβάροις
826 4031 852 4090 ἦν
870 4031 883 4089 ἡ
903 4031 1014 4095 διάβασις
1032 4035 1162 4094 πανταχοῦ
1181 4031 1301 4094 δυνάμεως
1320 4033 1396 4082 ἆται-

274 4122 353 4180 τώτης
371 4125 426 4182 τοῦς
443 4122 552 4181 ἐπιόντας
569 4124 711 4173 ἀπώσασθαι
730 4122 889 4190 (δυναμένης).

306 4217 334 4282 1)
352 4217 394 4268 Sic
413 4218 523 4269 Rinsms
540 4219 604 4282 legit
625 4218 823 4281 prodepravato
834 4218 1091 4280 manuscriptorum:
1104 4217 1219 4267 sosaoari
1229 4218 1331 4267 cimero
1343 4217 1396 4281 (vel

274 4325 382 4375 cunero,
400 4311 501 4374 sinere)
520 4309 668 4374 gaisiqne'';
687 4311 807 4360 Lenonis
825 4311 915 4359 minus
936 4314 1009 4359 recte
1027 4309 1143 4360 Assorini
1163 4309 1332 4374 Regaisique.

309 4401 336 4465 2)
355 4401 419 4450 ibid.
437 4417 459 4450 e.
478 4399 510 4450 12
528 4416 567 4464 sq.

306 4491 334 4558 3)
352 4493 448 4556 Paneg.
466 4491 540 4551 lxm
559 4507 610 4555 sq.;
629 4491 736 4541 habitus
755 4507 825 4541 anno
843 4490 902 4542 311.
