3240 5304
731 497 774 563 39

235 683 425 752 laterculus
447 684 645 752 Veronensis
662 687 808 771 gentium
829 686 869 751 de
887 683 1008 770 quibus
1026 703 1087 750 nos
1105 685 1244 770 agimus,
1255 682 1315 750 has

191 807 373 866 enumerat:
410 799 543 884 Camari,
577 800 747 884 Grinsiani,
781 801 955 882 hmsivari,
985 800 1100 884 Angri,
1129 800 1315 884 Angrivari,

190 915 289 998 Flevi,
322 915 551 979 Bructeri....
575 913 690 978 Breuci
714 913 887 978 Gallovari.
911 912 1176 978 Mmmmorrms
1202 911 1314 977 Cama·

190 1049 242 1093 ros
265 1030 299 1092 in
323 1027 511 1110 Chamavos,
534 1027 723 1093 Gallovaros
745 1029 779 1091 in
804 1026 992 1092 Cattovaros
1011 1029 1081 1104 (ie
1101 1025 1316 1106 Chattuarios)

192 1145 344 1221 mutavit;
383 1142 528 1226 ,Angri”
559 1162 630 1208 esse
653 1144 909 1227 dittograpbema
928 1161 1039 1208 omnes
1063 1144 1272 1208 consentiunt
1287 1143 1316 1224 ¹).

191 1254 238 1321 De
261 1255 370 1320 Flevis
392 1255 574 1320 dubitatur:
597 1257 653 1320 alii
676 1275 793 1321 nomen
818 1259 893 1320 ostii
915 1255 1020 1320 Rheni
1041 1255 1123 1321 falso
1143 1275 1201 1340 pro
1219 1261 1316 1340 gente

191 1368 334 1434 habitum
368 1389 438 1434 esse
468 1375 592 1453 putant,
622 1368 829 1450 Bahannens')
867 1370 1011 1451 „Rhesii”
1045 1371 1132 1455 legit.
1156 1369 1317 1436 Orinsiani

191 1503 210 1546 a
243 1483 487 1548 Mttnnnrmormo
518 1483 654 1548 Frisiavi
689 1483 904 1564 vocabantur;
929 1484 1040 1549 eodem
1065 1485 1169 1568 modo,
1192 1505 1230 1550 ac
1248 1487 1315 1569 jam

192 1597 341 1679 vidimus,
360 1597 531 1663 Munianus
549 1617 592 1662 ex
611 1598 1004 1664 unonomineduofacit:
1080 1597 1106 1663 C
1161 1619 1184 1662 n
1228 1601 1299 1663 ani

1023 1713 1070 1794 (lt)
1112 1715 1148 1777 ri
1189 1715 1225 1778 si
1308 1763 1317 1796 ‚

191 1828 278 1912 quod
313 1829 360 1892 sic
394 1828 549 1911 explicat:
582 1826 703 1891 Chauci
715 1828 754 1910 (P)
785 1827 889 1892 Frisii.
911 1826 1001 1905 Quae
1021 1830 1226 1911 conjecturae
1248 1847 1314 1892 non

192 1944 301 2007 minus
323 1945 464 2007 incertae
486 1949 572 2022 sunt,
596 1963 694 2026 qnam
718 1962 800 2027 quas
824 1944 920 2008 modo
943 1942 1123 2008 attulimus.

235 2055 403 2121 Postremo
426 2056 536 2122 Julius
560 2055 727 2121 Honorius
750 2058 784 2120 in
806 2059 996 2122 recensione
1018 2057 1161 2122 munda
1179 2062 1212 2121 et
1223 2057 1318 2121 tertia

191 2175 267 2255 (qua
302 2171 341 2234 de
375 2191 410 2235 re
443 2172 592 2236 videatur
625 2170 726 2235 ansn
757 2172 865 2252 editio)
896 2171 1046 2255 Usippos,
1065 2170 1259 2252 (lannifates,
1281 2171 1316 2233 in

191 2287 285 2348 tertia
315 2284 462 2368 Tungros
476 2288 506 2368 ³),
537 2288 572 2349 in
595 2285 747 2351 omnibus
770 2285 923 2367 Morinos,
946 2285 1096 2366 Francos,
1119 2286 1318 2367 Amsivaros,

192 2404 366 2463 enumerat.
392 2397 507 2481 Itaque
531 2401 638 2463 missis
661 2401 804 2463 virorum
828 2400 995 2464 doctorum
1019 2400 1213 2482 conjecturis
1235 2399 1316 2462 nihil

192 2516 298 2592 restat,
329 2531 426 2595 quam
458 2512 545 2576 solos
559 2511 581 2594 ⁴)
604 2511 745 2578 Raucae
768 2519 801 2579 et
822 2515 857 2576 in
881 2512 990 2578 tabula
1013 2512 1263 2596 Peutingeriana
1285 2515 1318 2577 et

193 2723 255 2788 quia
274 2739 327 2774 non
345 2725 377 2774 ad
395 2724 520 2774 Rhenum
539 2725 720 2788 pertinebant,
738 2730 829 2789 postea
848 2740 911 2775 vero
928 2729 1040 2790 cogente
1058 2726 1116 2776 loco
1130 2724 1227 2788 exiguo
1244 2723 1317 2774 iuter

193 2815 332 2866 Franciam
357 2815 538 2880 Sueviamque
565 2822 708 2879 venerunt;
739 2818 790 2868 hoc
809 2817 932 2868 modain
950 2817 1094 2881 archetypo
1110 2814 1218 2866 nomina
1235 2814 1316 2866 Chat-

194 2906 274 2958 tuarii
299 2910 326 2957 et
344 2907 441 2958 Franci
458 2908 544 2958 vicina
562 2914 648 2969 erant,
665 2908 885 2959 Chattuariorum
903 2923 1003 2959 nomen
1020 2908 1084 2972 quia
1101 2906 1212 2972 propius
1230 2905 1318 2956 Fran·

192 3013 285 3048 corum
315 2999 419 3049 nomini
453 3000 570 3063 positum
593 3015 624 3050 ac
646 3000 843 3050 Chamavorum
871 3014 978 3062 nomen,
1004 2999 1174 3050 Chattuarios
1200 2997 1317 3049 Francos

193 3090 343 3141 nominatos
366 3105 424 3141 esse
442 3090 591 3156 sequitur.‘’
607 3091 681 3151 Quae
700 3092 869 3143 ratiocinatio
886 3091 991 3142 duabus
1009 3092 1107 3141 nititur
1124 3090 1317 3156 hypothesibus

193 3183 283 3233 minus
309 3182 406 3232 rectis:
432 3182 460 3233 in
487 3183 579 3234 tabula
605 3198 699 3233 revera
725 3184 824 3247 legitur
847 3183 992 3234 »Chamavi
1008 3198 1034 3246 q.
1043 3197 1067 3232 e.
1083 3182 1111 3232 F.
1128 3209 1161 3218 -
1179 3179 1317 3244 Francia”,

193 3273 362 3324 Chattuarios
378 3275 435 3338 ipse
452 3274 494 3324 vir
511 3275 606 3325 doctus
622 3275 651 3325 in
668 3275 865 3325 Chamavorum
883 3275 971 3325 locum
989 3274 1130 3324 substituit
1147 3277 1173 3323 el
1189 3273 1228 3324 sic
1245 3272 1315 3337 quod

192 3364 249 3429 ipse
276 3364 348 3429 fecit,
365 3365 453 3415 utitur
469 3370 635 3430 argumento.
655 3367 779 3416 Bructeri
797 3380 859 3416 vero
876 3366 908 3416 ad
926 3365 1053 3416 Rhenum
1072 3380 1126 3415 non
1145 3364 1318 3427 pertinebant

192 3460 253 3506 ante
271 3470 373 3506 annum
391 3453 434 3522 98,
450 3455 470 3505 ii
487 3460 577 3506 autem
598 3457 730 3519 Bructeri,
748 3457 795 3521 qui
814 3457 978 3518 Francorum
996 3457 1122 3520 aequales
1138 3460 1225 3518 erant,
1243 3455 1316 3519 ripae

193 3547 307 3611 proximi
324 3551 402 3597 erant
419 3553 528 3598 auctore
546 3548 673 3612 Gregorio
694 3548 845 3599 Turonensi
863 3547 946 3613 11‚9·,
964 3563 1013 3598 suo
1031 3547 1087 3598 loco
1105 3547 1316 3612 igiturpositum

193 3643 234 3689 est
260 3639 452 3690 Bructerorum
479 3655 585 3691 nomen.
610 3641 746 3691 Postremo
761 3641 842 3691 nimis
863 3641 919 3691 fidit
939 3655 962 3689 v.
981 3640 1005 3691 d.
1023 3641 1164 3690 nominum
1181 3639 1270 3690 ordini
1288 3639 1317 3689 in

191 3732 321 3784 laterculo
338 3737 445 3782 servato
464 3733 518 3797 (vel
536 3747 590 3782 non
606 3733 733 3797 servato).

224 3823 252 3889 l)
269 3824 466 3888 Mhmsnnorr,
483 3824 575 3890 ansn,
593 3824 709 3876 Muenna
726 3826 763 3876 ll.
781 3825 817 3875 l.l.

225 3915 253 3980 i)
271 3917 306 3967 l.l.
325 3931 351 3981 p.
367 3915 425 3967 880.

224 4007 251 4073 3)
269 4007 405 4059 Saturiani
421 4012 449 4058 et
467 4008 637 4060 Franciscani
654 4010 683 4059 in
701 4009 857 4059 recensione
874 4008 954 4059 tertia
972 4024 986 4058 a
1006 4008 1139 4059 Moncnno
1153 4005 1318 4072 ingeniosius

191 4115 272 4164 quam
299 4101 389 4150 verius
410 4115 426 4150 e
444 4099 539 4151 »Salii’
558 4105 586 4150 et
604 4099 758 4165 »Ripuarii”
777 4100 943 4164 glossematis
960 4099 992 4150 ad
1012 4096 1164 4149 »Francos”
1181 4098 1317 4163 explican-

190 4197 236 4242 tur
259 4191 296 4256 (p.
321 4191 350 4254 9)
356 4209 363 4257 ;
381 4192 487 4242 etiamsi
504 4193 571 4242 haec
587 4191 749 4242 dubitationi
767 4206 821 4241 non
838 4190 952 4241 obnoxia
970 4193 1070 4253 essent,
1088 4194 1177 4239 tamen
1197 4188 1261 4252 quia
1283 4188 1316 4237 de

191 4284 356 4348 glossematis
373 4284 458 4334 multo
477 4283 668 4348 posterioribus
685 4289 820 4348 ageretur,
840 4283 907 4333 nihil
926 4286 1017 4332 nostra
1033 4281 1186 4331 interesset.

222 4374 250 4438 l)
267 4375 436 4426 Chattuarios
453 4403 486 4412 —
494 4375 647 4426 Gallovaros
656 4376 738 4425 etiam
746 4374 817 4437 apud
825 4375 928 4425 iulium
939 4371 1087 4422 Honorium
1099 4384 1233 4435 quaerens
1245 4368 1317 4420 Ban-

191 4479 278 4518 annus
296 4467 344 4533 (ll.
361 4482 387 4531 p.
401 4465 463 4532 880)
480 4467 588 4518 Alanios
604 4467 634 4517 in
650 4466 820 4517 Chattuarios
839 4465 981 4516 mutandos
1003 4463 1137 4528 proponit.
1154 4462 1190 4513 Eo
1203 4462 1279 4512 modo
1291 4461 1314 4511 si
