3240 5304
721 575 763 650 le

222 773 286 840 Sed
321 780 461 841 exeunte
495 775 623 840 saeculo
659 777 771 859 primo,
806 795 891 839 auno
925 779 995 860 ipso
1032 776 1073 838 98
1108 797 1136 860 p.
1165 773 1197 839 O.
1225 795 1255 838 n.
1270 780 1303 858 ¹),

177 888 266 971 pulsi
299 896 377 954 sunt
411 889 559 954 Bructeri
593 893 625 953 et
654 890 782 972 penitus
813 890 914 952 excisi
938 891 1116 952 vicinarum
1140 907 1300 952 consensu

177 1003 345 1066 nationum
360 1008 398 1082 ²);
441 1023 505 1086 quo
548 1008 654 1066 autem
696 1002 857 1067 tenderint
902 1005 1004 1086 patria
1038 1003 1157 1084 relicta,
1191 1007 1301 1087 postea

177 1114 369 1179 videbimus.
403 1114 499 1178 Terra
532 1134 644 1180 eorum
677 1113 893 1198 occupabatur
923 1114 963 1179 ab
994 1116 1197 1198 Angrivariis
1221 1113 1300 1178 (lha-

178 1229 355 1312 mavisque,
390 1247 527 1313 quorum
559 1229 593 1291 hi
624 1226 858 1293 Cheruscorum
884 1229 1045 1311 quondam
1070 1227 1199 1292 finitimi
1212 1225 1235 1304 8)
1259 1227 1299 1291 ab

178 1344 302 1407 oriente
331 1345 365 1405 in
397 1343 625 1407 Bructerorum
649 1348 767 1408 terram
791 1342 1066 1426 ingrediebantur,
1089 1361 1186 1426 quam
1211 1343 1301 1426 prius

179 1461 351 1520 tenuerant
385 1458 547 1540 regionem
584 1457 656 1522 aliis
689 1456 895 1520 habitandam
921 1456 1132 1521 concedentes
1145 1461 1184 1536 ι);
1210 1455 1301 1520 sedes

179 1589 289 1634 eorum
326 1572 507 1635 accuratius
543 1569 675 1634 definire
705 1588 786 1653 opus
817 1569 910 1634 nobis
934 1590 997 1634 non
1023 1570 1091 1650 erit,
1115 1570 1170 1634 sed
1194 1571 1301 1654 potios

180 1684 356 1766 rideamne,
380 1685 458 1768 quid
482 1684 520 1747 de
544 1683 714 1748 chamavis
737 1702 850 1748 eruere
873 1685 1045 1768 possimus.

223 1797 322 1860 Avito
347 1795 536 1862 Germaniae
559 1797 719 1861 interioris
743 1798 847 1880 legato
871 1798 1068 1881 Ampsivarii
1091 1815 1184 1880 agros
1205 1815 1300 1880 quos-

180 1910 252 1974 dam
288 1921 527 1995 occupaverunt
562 1929 702 1991 „vacuos
733 1916 764 1974 et
795 1911 934 1974 militum
967 1911 1042 1975 usui
1066 1909 1243 1994 sepositos*
1267 1911 1299 1973 in

180 2026 383 2107 proximitate
406 2023 493 2108 ripae
515 2024 620 2089 Rheni
633 2021 667 2105 ⁵),
689 2026 728 2090 de
752 2025 872 2109 quibus
892 2025 1021 2089 dicunt:
1045 2023 1299 2106 „Chamavorum

181 2139 340 2220 quondam
365 2158 401 2203 ea
424 2158 508 2212 arva,
528 2158 603 2202 mox
622 2137 805 2202 Tubantum
819 2145 934 2223 etpost
946 2139 1120 2223 Usiporum
1134 2137 1256 2203 luisse’'
1270 2137 1301 2216 6).

181 2254 267 2315 Ante
301 2254 523 2336 Ampsivarios
553 2252 648 2316 Frisii
673 2271 804 2336 quoque
826 2256 940 2336 partim
966 2253 1101 2317 saltibus
1125 2260 1155 2317 et
1179 2253 1301 2339 paludi-

181 2364 252 2448 bue,
277 2368 390 2450 partim
415 2385 472 2450 per
495 2365 584 2430 lacus
609 2367 648 2430 ad
672 2386 727 2431 eos
751 2386 845 2450 agros
857 2374 1028 2446 venerant3
1042 2367 1135 2431 Frisii
1148 2369 1301 2452 quoniam

181 2478 295 2543 Rheno
320 2479 602 2563 praetexebantur,
625 2488 693 2543 tum
719 2480 846 2544 demum
864 2479 1300 2564 ,ripaeadmovere'’juven·

180 2599 281 2657 tutem
317 2598 349 2657 et
382 2589 543 2657 imbellem
579 2599 711 2658 aetatem
744 2595 807 2657 dici
838 2601 983 2678 possunt,
1006 2595 1034 2658 si
1058 2595 1259 2678 aliquantum
1286 2614 1304 2658 a

180 2706 300 2772 finibus
323 2686 434 2772 eorum
459 2709 527 2791 agri
550 2707 598 2771 illi
621 2706 756 2787 absunt3
777 2705 882 2771 Rheni
902 2714 1022 2791 partem
1036 2709 1180 2773 dextram
1194 2716 1301 2773 autem

181 2824 214 2884 in
245 2822 334 2885 lacus
366 2841 401 2886 se
432 2840 582 2905 spargere
607 2822 758 2903 vidimus,
781 2841 864 2905 quos
888 2820 1070 2885 ambiebant
1094 2821 1197 2904 Frisii,
1222 2825 1301 2886 veri·

181 2935 285 2999 simile
308 2937 408 3019 igitur
431 2955 495 2998 non
520 2941 577 3018 est,
602 2934 745 3019 „ripam”
772 2935 954 3019 significare
977 2935 1081 3000 Rheni
1103 2937 1208 3001 dextri
1220 2938 1303 3001 inira

180 3049 371 3113 divisionem
394 3046 539 3112 fluminis
561 3050 675 3132 ripam,
697 3049 753 3112 sed
777 3051 883 3132 potius
904 3051 1109 3133 cogitandum
1122 3055 1171 3115 est
1183 3051 1222 3116 de
1234 3053 1303 3135 ripa

183 3242 325 3250 ——.

214 3357 242 3423 l)
259 3358 318 3409 Vid.
337 3357 458 3420 Barnun,
473 3358 510 3409 l.l.
528 3373 554 3422 p.
571 3355 630 3409 869.

215 3449 243 3512 2)
259 3451 319 3500 Tac.
344 3449 432 3502 Germ.
455 3464 478 3500 c.
495 3447 537 3500 33.
564 3451 668 3500 Falsam
686 3465 744 3500 esse
762 3451 832 3501 hanc
849 3451 932 3501 Taciti
951 3452 1075 3501 notitiam
1093 3453 1175 3503 Zuuss
1192 3457 1303 3503 conten-

181 3543 260 3592 debat
285 3543 333 3606 (l.l.
360 3557 385 3606 p.
407 3541 461 3606 93),
484 3544 548 3606 quia
575 3543 680 3593 Plinius
698 3544 786 3594 minor
802 3559 818 3594 a
836 3545 971 3606 Spurinna
989 3545 1150 3595 Bructerum
1169 3560 1259 3609 regem
1278 3547 1303 3594 vi

182 3638 208 3684 et
235 3634 318 3684 armis
342 3635 483 3685 inductum
501 3635 530 3684 in
548 3649 671 3700 regnum,
689 3639 877 3698 ostentatoque
894 3629 965 3686 bello
985 3636 1175 3686 ferocissimam
1196 3641 1303 3701 gentem

181 3731 284 3776 terrere
311 3726 487 3789 perdomitam
512 3742 570 3776 esse
587 3731 680 3778 narrat
699 3727 756 3792 (Ep.
776 3727 830 3790 Vll,
849 3727 890 3792 2);
910 3728 954 3778 cui
972 3729 1028 3778 loce
1047 3743 1099 3778 non
1118 3729 1230 3779 eandem
1250 3729 1303 3779 rim

181 3818 302 3868 tribuere
328 3818 408 3868 velim
434 3833 465 3868 ac
491 3818 624 3882 Zeussius,
650 3834 712 3869 nam
741 3833 809 3882 quae
839 3824 879 3868 est
907 3834 995 3880 causa,
1014 3835 1063 3868 cur
1080 3835 1133 3870 non
1151 3825 1213 3870 ante
1232 3826 1304 3871 cata-

181 3910 309 3973 strophen
326 3910 400 3959 illam
418 3910 520 3960 bellum
536 3914 671 3960 ostentare
689 3911 807 3974 potuerit
825 3909 981 3974 Spurinna‘.l
998 3911 1055 3960 Nisi
1075 3912 1143 3961 lorte
1162 3913 1194 3961 de
1211 3914 1305 3962 eadem

181 4016 211 4052 re
228 4002 316 4066 agitur
333 4002 378 4066 (cf.
397 4003 532 4052 Mounesis
552 4002 580 4052 in
598 4003 696 4052 Herme
715 4001 740 4065 3,
759 4017 783 4066 p.
799 3999 1040 4065 39).Conlerantur
1051 4002 1140 4054 haede
1153 4019 1181 4053 re
1192 4004 1304 4056 anurrn

181 4093 218 4144 l.l.
244 4109 269 4157 p.
294 4093 344 4144 868
362 4109 401 4158 sq.
424 4098 451 4144 et
474 4094 582 4144 Asnaus
599 4094 628 4144 in
646 4095 729 4145 Bonn.
749 4095 838 4145 Jahrb.
857 4092 890 4143 69
907 4095 967 4160 (Die
986 4095 1155 4160 Entstehung
1173 4096 1220 4147 der
1240 4096 1305 4147 Ger-

182 4185 271 4236 mania
289 4186 336 4236 des
352 4184 472 4250 Tacitus)
490 4200 516 4248 p.
533 4184 557 4236 5.

215 4274 243 4342 3)
260 4275 319 4326 Tac.
337 4276 407 4327 Ann.
426 4276 458 4341 11,
476 4273 519 4326 te.

216 4366 244 4431 4)
261 4367 321 4419 vid.
339 4367 451 4419 Buranun
469 4368 504 4420 l.l.
522 4383 547 4432 p.
566 4366 625 4418 868.

217 4458 245 4523 5)
262 4460 323 4511 Tac.
342 4461 413 4525 Anu,
429 4460 498 4524 Xlll,
517 4459 559 4510 54.

219 4549 246 4622 6)
263 4552 329 4604 lhid.
347 4551 388 4603 55.
