3240 5304
844 539 885 604 62

302 725 452 808 πρόσοικον
475 725 564 807 Ῥήνῳ
584 730 640 792 τῶν
662 725 844 792 ἐνοικούντων
857 725 1004 808 Φολάκων
1018 723 1239 807 ἐξερημωθέντα
1252 726 1435 808 τρονδὲδοτο

301 840 477 922 άφάλοοκτοο
503 839 608 905 πάντά
632 847 694 914 τοῖς
722 839 895 921 βαρβάροις.
921 840 1021 904 Trans
1045 839 1194 905 Rhenum
1220 847 1252 906 et
1275 841 1314 906 ad
1339 862 1436 906 mare

301 956 475 1020 occidentis
492 955 514 1019 J
517 956 617 1020 uliani
631 975 761 1040 quoque
774 960 917 1039 tempore
931 955 1075 1018 habitant
1087 955 1210 1037 Franci,
1223 960 1254 1020 et
1266 957 1299 1019 in
1311 955 1435 1019 iisdem

302 1069 488 1153 regionibus
523 1089 611 1148 nunc
646 1071 785 1153 primum
820 1070 1030 1132 nominantur
1059 1067 1213 1151 Saxones,
1244 1068 1434 1152 dequibus

302 1188 412 1267 postea
445 1201 587 1268 agemus.
626 1182 799 1248 Constante
822 1181 1076 1266 Constantioque
1099 1181 1309 1266 regnantibus
1327 1183 1435 1264 igitur

303 1295 417 1360 Franci
440 1301 516 1360 sunt
538 1298 571 1378 ii,
595 1315 676 1380 quos
700 1297 840 1360 insulam
861 1295 1057 1359 Batavorum
1078 1301 1264 1380 occupatam
1286 1297 1433 1361 tenuisse

303 1409 461 1489 vidimus3
497 1414 607 1472 utrum
645 1428 719 1473 vero
753 1415 784 1473 et
806 1410 830 1472 ii
852 1411 908 1493 qui
932 1411 964 1472 in
991 1411 1093 1493 patria
1116 1411 1250 1494 antiqua
1268 1427 1432 1474 remanse-

304 1528 376 1586 runt
401 1521 566 1602 (chamavi
590 1523 674 1607 apud
697 1522 885 1601 Nazarium)
910 1523 1022 1587 eodem
1046 1525 1177 1588 nomine
1200 1529 1433 1588 recenseantur

304 1643 335 1700 et
358 1636 398 1700 de
420 1637 460 1700 iis
485 1655 625 1720 quoque,
651 1635 706 1700 ubi
730 1636 769 1699 de
795 1635 926 1700 Francis
950 1656 1056 1700 sermo
1081 1642 1137 1718 est,
1161 1637 1365 1722 cogitandum
1386 1638 1433 1700 sit

305 1768 415 1830 necne,
438 1769 501 1812 non
525 1749 636 1832 liquet.

348 1863 462 1946 Neque
486 1884 503 1927 a
528 1862 659 1927 Lranuro
685 1864 823 1946 additur,
849 1866 981 1948 quinam
994 1864 1115 1929 fuerint
1126 1867 1149 1928 ii
1165 1865 1298 1948 barbari,
1311 1865 1433 1949 quibus

99 2015 102 2024 ·
208 2033 211 2038 .
306 1984 343 2041 ut
374 1976 594 2062 Magnentium
627 1978 667 2042 ab
689 1978 783 2042 ltalia
806 1985 954 2043 avocaret
977 1998 1034 2063 per
1057 1978 1178 2043 litteras
1200 1979 1281 2043 fines
1304 1980 1433 2064 imperii

306 2093 431 2174 aperuit
466 2090 673 2156 Constantius
687 2089 735 2173 ι),;
772 2094 921 2177 quamvis
952 2091 1091 2156 Francos
1116 2113 1246 2176 quoque
1269 2094 1352 2156 inter
1375 2112 1433 2156 eos

305 2204 405 2269 fuisse
428 2205 510 2268 infra
535 2205 724 2270 videbimus.
749 2206 866 2270 Iisdem
881 2204 1057 2270 Constantii
1071 2207 1269 2286 (350-361)
1282 2207 1433 2289 tempori-

307 2317 368 2382 bus
390 2320 423 2382 in
444 2320 559 2403 palatio
572 2317 766 2384 Francorum
781 2319 915 2385 florebat
929 2320 1110 2402 multitudo,
1123 2326 1158 2384 ut
1170 2321 1313 2384 Auurnru
1326 2320 1433 2384 verbis

308 2438 389 2514 utar,
413 2433 468 2497 ubi
492 2435 660 2518 primarias
683 2434 820 2517 agebant
844 2435 1002 2518 partos2);
1027 2436 1149 2518 etipse
1172 2433 1323 2498 Silvanus
1338 2453 1432 2498 usur·

307 2553 399 2631 putor
422 2547 634 2612 moribundus
658 2550 777 2632 „patris
798 2547 905 2611 Boniti
918 2548 1097 2631 praetendit
1109 2547 1202 2611 fortia
1213 2547 1305 2630 faeta,
1315 2546 1433 2610 Franci

308 2660 448 2745 quidem,
471 2661 528 2724 sed
548 2680 604 2744 pro
628 2660 829 2725 Constantini
853 2661 1000 2745 partibus
1023 2663 1056 2724 in
1083 2661 1164 2724 bello
1186 2659 1324 2726 versati’'
1338 2661 1371 2743 ³).
1390 2658 1431 2722 In

308 2776 460 2839 honorem
486 2777 580 2858 eujus
601 2777 754 2840 victoriae
773 2775 894 2840 Romae
905 2775 1055 2841 celebrati
1067 2775 1185 2839 fuerint
1198 2776 1266 2839 ludi
1277 2773 1433 2856 Francici,

309 2908 391 2972 quos
427 2907 536 2966 mense
570 2887 659 2951 Julio
695 2895 924 2954 commemorat
948 2890 1164 2954 calendarium
1187 2889 1278 2953 Funn
1300 2888 1433 2952 Droursr

308 3001 454 3066 Frnoelra
466 3009 489 3080 ⁴)
513 3023 598 3066 anno
619 3004 683 3065 354
696 3005 918 3087 compositum,
932 3007 1112 3084 nescimus3
1127 3023 1257 3087 unoque
1269 3008 1432 3088 praeterea

307 3117 378 3180 loco
401 3115 597 3181 Francorum
623 3118 745 3181 mentio
765 3117 803 3181 fit
827 3118 912 3201 apud
936 3116 1154 3182 Hrsaouruuu
1176 3119 1209 3180 in
1235 3119 1300 3181 vita
1323 3115 1433 3180 Sancti

308 3229 485 3294 Hilarionis
498 3228 522 3308 5)
547 3230 586 3294 de
609 3231 780 3294 candidato
804 3232 943 3317 quoda-m
958 3231 1136 3296 Constantii
1148 3232 1348 3316 imperatoris
1360 3249 1432 3292 nar·

308 3349 441 3425 rentem,
475 3343 590 3424 „rutila
621 3363 712 3408 coma
736 3350 768 3407 et
791 3345 928 3408 candore
951 3348 1094 3428 corporis
1118 3346 1280 3408 indicante
1303 3345 1432 3428 provin-

311 3456 431 3520 ciam'’:
456 3458 537 3521 later
560 3456 700 3522 Saxones
722 3459 836 3543 quippe
860 3466 887 3522 et
910 3459 1105 3524 Alemouuoa
1121 3459 1433 3541 ancaranulam

310 3570 377 3634 luto
411 3591 506 3652 qaam
536 3571 653 3654 aalide,
684 3573 772 3654 opud
794 3572 953 3637 historicos
978 3573 1161 3654 Germanic,
1183 3592 1271 3636 aurae
1294 3572 1434 3636 Francia

310 3690 446 3750 uocatur.
471 3687 642 3750 Alemanni
663 3687 723 3750 hac
743 3692 845 3751 aetate
857 3693 944 3752 trans
956 3686 1105 3752 Rhenum
1119 3689 1315 3771 superiorem
1330 3704 1434 3768 usque

312 3853 455 3862 —-—-

344 3955 371 4018 l)
390 3955 532 4020 Ἐπιτάφιος
558 3955 600 4006 ἐπὶ
624 3957 745 4022 Ἰονλιοινῷ
770 3961 854 4011 xvlll
872 3959 905 4010 33
924 3961 1014 4026 (=ll‚
1032 3975 1056 4024 p.
1074 3959 1123 4010 ⁸250
1139 3961 1287 4023 Fericium,
1307 3960 1325 4023 l,
1343 3974 1368 4023 p.
1384 3957 1435 4008 533

311 4048 438 4114 REISKE);
465 4055 505 4100 noel
530 4049 622 4113 άνοίγει
640 4049 668 4108 δι)
694 4060 744 4108 τοῖς
772 4055 897 4114 βαρβάροις
925 4050 965 4102 διὰ
992 4050 1143 4114 γραμμάτων
1161 4053 1216 4108 τοὺς
1234 4051 1356 4112 Ῥωμαίων
1373 4049 1435 4110 ὅρους

310 4137 396 4208 ἐξεῖναι
413 4140 494 4205 φήσας
511 4141 593 4199 αὐτοῖς
610 4143 699 4200 ὁπόσην
717 4141 823 4192 δύναιντο
841 4145 952 4196 κτάσθαι.

344 4232 372 4297 2)
389 4234 548 4285 Ammianus
565 4235 738 4284 Marcellinus
756 4236 809 4297 XV,
829 4235 912 4297 5:11,
930 4234 970 4286 16.

344 4323 372 4389 3)
390 4325 455 4377 lbid.
473 4324 514 4376 33.
651 4365 653 4370 2

346 4418 375 4478 4)
393 4417 449 4468 ci.
460 4419 487 4468 L.
506 4418 526 4480 1,
543 4416 601 4469 334.

347 4509 377 4574 5)
395 4508 421 4559 C.
439 4508 472 4557 Ἡ
490 4509 582 4574 (Vana.
599 4510 630 4573 11,
648 4508 701 4573 24).
