3240 5304
856 555 897 620 78

314 743 432 824 optime
463 759 536 804 oum
568 739 694 806 Zosimo
718 743 868 805 oouveuit
891 741 1105 823 fragmentum
1122 743 1155 823 ¹),
1179 741 1234 806 ubi
1258 743 1351 806 haeo:
1376 743 1435 806 Ju-

315 854 418 917 lianus
442 853 505 916 οένιὸ
531 853 673 931 βήμοιτος
697 853 850 918 ἕτὲτοιττε
875 854 1031 931 ‘Populum
1051 856 1164 934 μνδὲνω
1178 855 1297 920 Σολίων
1310 857 1438 928 οὶδικεῖν,

314 965 389 1042 μηδὲ
413 967 497 1046 epodo
520 965 536 1039 ἢ
561 966 689 1031 σίνετθωι
709 966 762 1040 τὴν
783 967 857 1031 ἰδίων
881 969 991 1048 χώρων.
1018 969 1177 1034 charietto
1199 990 1329 1054 quoque
1350 963 1436 1034 oom-

314 1078 556 1164 memoratum),
591 1082 645 1144 sed
686 1084 813 1164 majoris
847 1085 1000 1147 momenti
1035 1084 1249 1168 fragmentum
1287 1085 1436 1147 duodeci-

315 1213 402 1257 mum
425 1198 517 1273 est³t

358 1305 434 1371 Ὅτι
456 1311 508 1371 τοῦ
521 1307 682 1372 Ἰουλιοινοῦ
696 1309 725 1381 ἐς
738 1309 791 1382 τὴν
806 1309 956 1386 πολεμίαν
970 1313 1132 1388 χωροῦντος
1144 1309 1196 1373 aa}
1209 1313 1265 1373 τῶν
1278 1309 1436 1388 Χωμοέβων

315 1421 502 1486 ἱκετευόντων
527 1420 686 1502 <perdendum
710 1421 762 1486 κοιὶ
787 1420 901 1496 roduna
922 1423 959 1495 ὡς
978 1421 1098 1496 οἰκείοις,
1111 1423 1264 1488 Julianus
1277 1445 1349 1488 oum
1363 1445 1436 1507 rege

314 1535 510 1617 colloquitur
539 1533 605 1614 δρῶν
637 1534 826 1615 εὐπρόσωπον
857 1559 891 1600 τε
914 1533 983 1613 dua
1007 1535 1058 1599 aul
1082 1536 1256 1612 ιένοιγιιοιίοιν
1278 1538 1361 1616 ωὐτῷ
1386 1538 1438 1610 τὴν

314 1648 433 1728 εἰρήνην.
470 1647 626 1727 Χοιμοὶβων
661 1647 720 1730 γὰρ
749 1649 792 1725 μὴ
825 1649 1022 1726 βουλομένων,
1046 1649 1192 1714 ἀδύνοιτόν
1216 1651 1280 1715 εὀτι
1306 1649 1359 1722 τὴν
1382 1659 1435 1725 τῆς

314 1767 512 1840 Βρεττοινικῆς
542 1761 627 1835 νήσου
661 1761 870 1838 τιτοτομτίοιν
901 1761 954 1825 ἔτι)
976 1761 1018 1825 τοὶ
1043 1762 1199 1840 Ῥωμοιιίιοὶ
1223 1763 1347 1844 Φρούριον
1371 1765 1435 1827 διοι-

315 1873 501 1952 adurendum.
540 1875 616 1938 Post
651 1895 734 1957 quae
764 1877 874 1940 eadem
906 1877 945 1939 de
969 1877 1052 1960 regis
1076 1877 1143 1940 filio
1168 1879 1330 1961 leguntur,
1355 1898 1436 1961 quae

314 1989 398 2072 apud
424 1987 585 2051 Zosimum
600 1986 641 2067 ⁴);
667 1989 817 2053 differunt
840 1993 923 2053 iuter
946 2009 980 2054 se
1005 1992 1161 2070 bosono,
1185 1992 1272 2075 quod
1284 1991 1436 2056 Julianus

315 2102 365 2164 hio
389 2100 442 2173 τὴν
465 2105 516 2165 τοῦ
540 2099 760 2180 Νεβιτνοέυτου
780 2102 895 2183 μήτεροι
915 2101 999 2179 μόνον
1012 2104 1153 2168 obsidem
1168 2105 1324 2188 postulat;
1339 2125 1434 2188 quam

314 2221 482 2299 postquam
508 2216 674 2296 dederuut,
698 2218 876 2280 revertitur.

359 2328 406 2391 En
443 2336 590 2393 tenemus
618 2329 736 2392 Zosimi
760 2348 909 2410 errorem,
933 2331 1082 2393 nonnulli
1107 2331 1250 2394 arbitrati
1275 2337 1351 2394 suut
1376 2333 1436 2394 viri

315 2439 454 2520 doeti⁶):
476 2443 515 2506 de
540 2441 661 2518 Quadis
685 2443 808 2525 aliquid
833 2450 949 2524 narrat,
973 2445 1058 2526 quod
1083 2445 1122 2507 de
1147 2443 1317 2508 Chamavis
1341 2463 1435 2528 quem

246 2637 250 2644 1
316 2555 484 2638 descripsit
529 2553 697 2638 Euuapius
746 2554 856 2633 habet3
905 2556 1071 2619 deleantur
1117 2558 1215 2639 igitur
1249 2555 1353 2632 Quadi
1389 2558 1436 2619 illi

315 2669 424 2751 inepti,
460 2675 657 2752 reponantur
700 2666 860 2732 Chamavi.
897 2668 957 2734 Sed
995 2689 1059 2732 non
1097 2672 1203 2735 minus
1238 2671 1436 2735 incredibilis

314 2789 456 2845 remanet
491 2781 610 2845 Zosimi
645 2784 785 2845 narratio
816 2782 992 2847 Chamavos
1024 2791 1101 2847 tuno
1125 2792 1244 2867 partem
1269 2784 1434 2848 Saxonum

316 2896 460 2959 vooautis
492 2902 523 2958 et
553 2895 593 2958 ab
616 2897 655 2959 iis
678 2895 790 2977 Salios,
815 2898 901 2979 ipsos
925 2896 1073 2978 Francos,
1096 2916 1167 2962 esse
1191 2898 1344 2981 expulsos
1368 2917 1435 2982 por·

316 3007 471 3072 bibentis!
508 3008 621 3091 Itaque
642 3011 798 3073 restitutis
824 3009 994 3074 Chamavis
1018 3013 1126 3075 omnia
1151 3012 1220 3092 alia,
1245 3031 1328 3095 quae
1350 3013 1437 3094 apud

315 3120 477 3184 Zosimum
504 3122 543 3185 de
566 3122 726 3205 prioribus
754 3122 1032 3204 „Chamavorum”
1054 3123 1182 3188 casibus
1203 3126 1349 3207 legimus,
1361 3145 1435 3188 auo-

314 3235 438 3299 toribus
469 3236 533 3299 illis
563 3237 734 3318 rejicienda
766 3244 849 3300 sunt.
887 3235 957 3312 Qua
992 3239 1025 3299 in
1052 3257 1085 3301 re
1109 3239 1201 3322 sequi
1226 3257 1280 3302 eos
1304 3241 1436 3302 omuino

314 3368 377 3412 uon
399 3369 540 3433 possum.
565 3349 646 3413 Nam
671 3370 735 3413 uon
760 3351 864 3414 solum
889 3352 1046 3432 ejusmodi
1071 3357 1120 3415 est
1142 3359 1289 3416 aoourata
1310 3351 1435 3428 Quado-

314 3482 386 3525 rum
411 3482 517 3526 rerum
538 3469 700 3546 gestarum
714 3464 895 3547 descriptio,
909 3483 1004 3548 quam
1018 3465 1156 3547 praebet,
1171 3472 1205 3528 ut
1217 3473 1434 3530 commentum

347 3694 374 3759 1)
391 3696 479 3760 Frgm.
497 3695 530 3746 10
546 3697 626 3762 (Hist.
645 3698 690 3749 Gr.
709 3699 773 3749 min.
792 3699 811 3762 1,
829 3697 895 3760 217).

348 3787 375 3852 2)
392 3789 480 3852 Frgm.
498 3787 527 3838 ll
548 3789 623 3854 (ibid.
641 3789 710 3854 218).

347 3878 375 3942 3)
394 3879 424 3929 H.
434 3877 464 3930 G.
474 3879 508 3929 M.
527 3880 546 3945 1,
563 3878 620 3930 als.

347 3969 375 4034 l)
393 3969 471 4019 Redit
487 3971 605 4021 narratio
623 3972 693 4036 apud
718 3973 828 4024 Petrum
847 3956 936 4038 (lrgm.
957 3974 1001 4038 183
1021 3975 1052 4025 H.
1062 3975 1092 4026 G.
1102 3975 1136 4025 Μ.
1155 3976 1174 4039 1,
1192 3974 1262 4031 1361.

347 4060 374 4126 5)
393 4061 541 4112 videantur
566 4067 673 4126 praeter
699 4068 821 4114 auctores
845 4080 859 4114 a
884 4065 989 4116 Kocuro
1016 4066 1110 4116 citatos
1138 4068 1185 4127 (ll.
1214 4081 1237 4130 p.
1263 4065 1295 4116 13
1316 4082 1379 4117 ann.
1401 4066 1437 4130 1).

314 4155 420 4204 Rruoun
446 4153 474 4203 in
502 4153 629 4204 Zeitsohr.
653 4155 671 4204 1.
697 4155 844 4206 Deutsohes
863 4156 1017 4206 Alterthum
1036 4155 1076 4220 11,
1095 4171 1120 4220 p.
1135 4156 1185 4206 189
1203 4173 1255 4222 sq.;
1274 4158 1436 4209 Lunensem

314 4247 341 4295 in
363 4246 489 4295 Zeilschr.
508 4245 554 4294 des
572 4247 688 4297 lachen.
707 4247 920 4298 Geschiohtsver.
940 4248 964 4309 l,
983 4264 1006 4312 p.
1026 4247 1088 4312 330;
1108 4249 1250 4300 Soluntinus
1268 4252 1295 4300 in
1312 4251 1437 4300 Zeitschr.

314 4337 362 4387 der
385 4337 565 4402 Savignystilt.
593 4339 622 4388 G.
642 4340 670 4388 Α.
689 4339 712 4388 ll
728 4339 788 4404 (Die
814 4340 938 4390 Franken
958 4341 1013 4389 und
1032 4339 1075 4390 ihr
1092 4341 1190 4405 Recht)
1210 4356 1234 4404 p.
1253 4340 1267 4390 7
1274 4359 1281 4401 ;
1300 4342 1391 4391 Boura
1408 4341 1436 4390 iu

314 4428 403 4478 luhrb.
431 4429 478 4478 der
503 4427 561 4478 Ges.
589 4429 606 4479 1.
631 4429 694 4480 bild.
712 4431 799 4481 Kunst
819 4432 873 4481 und
893 4433 985 4482 vaterl.
1004 4432 1098 4482 Altert.
1117 4448 1138 4482 z.
1158 4433 1259 4482 Emdeu
1280 4431 1346 4482 1902
1365 4432 1437 4496 (Bei-

314 4522 389 4585 trdge
407 4535 454 4569 zur
472 4520 630 4571 Gesohiohte
650 4522 697 4571 der
716 4522 825 4573 Friesen
843 4522 897 4573 und
916 4521 1045 4574 Chaulreu
1065 4523 1109 4586 ΙΙ),
1127 4537 1153 4586 p.
1170 4522 1228 4574 181.
