3240 5304
725 551 766 614 25

185 738 224 802 ad
258 736 406 803 Rhenum
442 740 541 822 igitur
575 759 639 803 non
663 738 865 823 pertinebant
879 742 910 819 1).
934 737 1030 810 Frisii
1053 756 1128 803 vero
1152 757 1236 802 anno
1263 737 1304 801 59

185 852 225 916 ad
251 871 364 936 ,agros
388 851 530 918 vaouos''
555 873 589 918 se
609 852 809 918 conferentes
821 849 846 931 2)
866 852 1088 916 autineultam
1101 852 1190 916 illius
1203 853 1307 934 regio·

186 967 236 1030 nis
259 972 379 1050 partem
403 967 585 1031 transibant
607 973 663 1031 ant
688 981 722 1031 ut
745 969 880 1031 transire
904 966 965 1032 sibi
986 966 1104 1047 lloeret,
1116 971 1307 1048 rogaverant

185 1080 357 1164 adeptique
382 1081 463 1144 hano
489 1082 613 1145 veniam
640 1088 738 1144 eraut.

230 1193 379 1259 Exeunte
409 1196 538 1259 saeculo
569 1198 671 1279 primo
703 1194 856 1259 Chamavi
879 1215 954 1259 oum
978 1195 1180 1278 Angrivariis
1205 1193 1305 1257 Bruc-

185 1318 269 1373 teros
305 1310 451 1373 vicerunt
485 1315 668 1394 terramque
701 1329 813 1374 eorum
848 1313 1096 1392 occupaverunt.
1131 1306 1180 1371 De
1214 1308 1306 1371 novis

187 1424 300 1505 prioris
343 1421 577 1487 Chamavorum
618 1426 738 1507 patriae
776 1422 955 1487 cultoribus
990 1423 1142 1504 quoniam
1179 1420 1304 1484 nullum

185 1555 291 1619 neque
325 1555 361 1601 eo
396 1544 538 1620 tempore
573 1556 679 1621 neque
714 1544 823 1620 postea
852 1542 956 1602 exstat
986 1535 1153 1617 indicium,
1183 1541 1307 1618 praeter

186 1669 285 1714 novas
320 1650 412 1714 sedes
446 1652 540 1714 etiam
576 1653 712 1734 priorem
748 1652 910 1734 regionem
942 1669 996 1714 eos
1027 1651 1170 1715 tenuisse
1194 1666 1249 1733 per
1272 1666 1307 1712 se

185 1764 356 1828 admodum
381 1764 555 1829 verisimile
577 1771 626 1828 est
648 1771 679 1829 et
702 1783 813 1829 revera
837 1769 958 1848 partem
983 1783 1094 1828 eorum
1118 1765 1197 1826 eitra
1216 1762 1306 1847 palu-

187 1879 241 1944 des
264 1882 457 1943 remansisse
468 1879 551 1942 infra
564 1879 753 1943 videbimus.
768 1878 883 1944 Postea
895 1881 989 1943 etiam
1003 1880 1036 1942 in
1054 1880 1158 1962 ,agris
1171 1874 1307 1940 vacuis’'

186 2012 240 2057 eos
270 1995 492 2074 inveniemus,
525 1996 582 2078 qui
612 2014 688 2058 oum
708 1996 774 2076 jam
800 1993 896 2058 Paoiti
921 2000 1023 2058 aetate
1047 1995 1142 2057 vaoui
1167 1993 1306 2075 amplius

187 2126 250 2170 non
274 2113 380 2172 essent
401 2107 555 2172 Romanis
578 2115 678 2172 terras
701 2109 950 2172 transrhenanas
971 2107 1139 2172 Germanis
1159 2107 1306 2191 linquen-

186 2221 282 2304 tibus,
316 2221 451 2287 fortasse
481 2223 548 2305 jam
581 2242 654 2285 eum
687 2221 886 2287 scribebatur
910 2221 1038 2287 libellus
1062 2222 1101 2286 de
1126 2221 1307 2302 Germania,

188 2336 354 2419 usquead
378 2334 513 2419 Lupiam
537 2334 723 2400 habitabant
746 2335 908 2399 Chamavi

231 2449 293 2514 Sed
324 2451 401 2514 haee
424 2451 587 2515 haetenus.
609 2449 682 2514 Jam
707 2451 823 2529 omnia,
847 2469 930 2533 quae
953 2449 992 2513 de
1015 2455 1158 2533 tempore
1180 2449 1307 2514 Tasiteo

187 2568 367 2647 suppetant,
401 2564 520 2627 indicia
554 2565 772 2645 tractavimus,
807 2563 893 2628 unde
924 2563 1050 2627 efficere
1073 2572 1207 2628 oonatus
1232 2583 1304 2628 sum

187 2696 269 2760 quae
298 2679 397 2760 potui.
422 2675 582 2741 Confiteor
604 2678 643 2741 de
666 2678 752 2741 haud
776 2678 887 2761 pausis
907 2679 1038 2741 omnino
1062 2696 1127 2741 non
1152 2685 1307 2759 constare,

187 2789 299 2854 saltem
334 2791 466 2854 minime
497 2799 644 2854 accurate
675 2789 801 2854 definiri
834 2809 935 2874 posse,
967 2788 1163 2873 quibusnam
1185 2789 1306 2853 finibus

188 2905 415 2988 unusquisque
435 2904 574 2987 populus
597 2923 631 2968 se
654 2905 856 2968 continuerit.
880 2906 1041 2985 Attamen,
1060 2904 1147 2987 quod
1166 2904 1206 2967 ad
1218 2923 1305 2968 sum·

188 3037 271 3082 mam
295 3035 361 3081 rem
387 3020 508 3099 attinet,
532 3036 615 3103 qnae
637 3024 748 3101 gentes
772 3038 836 3100 quo
853 3019 1054 3100 potissimum
1079 3017 1148 3081 loeo
1172 3018 1305 3100 patriam

188 3136 328 3195 nostram
342 3130 562 3214 habitaverint,
571 3137 711 3195 statuere
723 3133 896 3214 potuimus.
909 3130 1043 3195 Rhenus
1055 3132 1088 3193 in
1102 3131 1183 3194 duos
1195 3149 1307 3195 amnes

188 3244 434 3327 diffundebatur,
469 3265 607 3329 quorum
642 3246 780 3327 sinister,
811 3246 940 3308 nomine
970 3244 1095 3326 Vahali,
1119 3264 1193 3308 oum
1218 3243 1308 3308 Mosa

187 3361 380 3442 conjunctus
414 3378 470 3443 per
500 3358 677 3439 Helinium,
708 3359 820 3423 dexter
842 3361 875 3422 in
900 3358 990 3422 laous
1014 3376 1049 3422 se
1072 3377 1227 3441 spargens
1251 3377 1308 3441 per

186 3472 320 3536 Flevum
352 3475 433 3535 mari
463 3471 748 3556 appropinquabat.
771 3472 955 3536 Insularum
980 3474 1063 3536 inter
1085 3470 1251 3535 Helinium
1276 3477 1307 3535 et

187 3585 320 3651 lllevum
345 3587 485 3650 maxima
507 3592 539 3650 et
561 3585 761 3650 nobilissima
784 3593 851 3650 erat
876 3585 1068 3649 Batavorum
1093 3589 1124 3649 et
1144 3584 1307 3649 Cannene-

187 3700 310 3782 iatium,
334 3719 472 3784 quorum
498 3701 529 3763 hi
553 3702 693 3784 proximi
716 3719 835 3764 oceano
859 3705 966 3777 erant;
987 3700 1094 3764 insula
1113 3700 1168 3763 illa
1188 3705 1307 3783 aparte

189 3815 388 3879 meridionali
423 3813 538 3877 Vahali
574 3834 592 3876 a
627 3813 729 3877 Gallia
750 3813 965 3896 separabatur,
984 3815 1133 3897 interque
1151 3812 1306 3878 Vahalem

189 3927 377 4011 Mosamque
411 3927 492 3991 fines
527 3927 738 3992 extenderant
771 3927 868 3990 iidem
905 3926 1026 3990 Batavi.
1060 3926 1145 3991 Citra
1169 3926 1308 3992 Batavos

222 4160 248 4222 1)
267 4162 377 4225 Propter
403 4162 500 4212 Feluae
527 4177 624 4212 nomen
651 4162 835 4213 Falehovarios
859 4165 962 4226 (postea
979 4163 1007 4212 in
1024 4158 1125 4213 Notitia
1142 4161 1308 4227 Dignitatum

188 4254 349 4321 nominatos)
366 4253 473 4304 eosdem
491 4255 561 4305 locos
578 4255 697 4305 tenuisse
715 4255 838 4305 Basunar
856 4260 898 4306 ast
914 4255 1068 4320 conjectura
1083 4254 1308 4321 nulloalioargu-

188 4351 278 4396 mento
303 4346 471 4397 corroborata
496 4347 533 4412 (p.
558 4345 634 4411 892);
662 4348 746 4397 multo
774 4347 937 4411 probabilius
956 4348 984 4397 in
1002 4347 1142 4399 Westfalia
1160 4361 1204 4398 eos
1224 4347 1305 4398 fnisse

187 4451 249 4487 cum
267 4437 402 4488 Kossuuu
420 4438 460 4502 (P.
470 4439 499 4488 Β.
508 4437 537 4489 Β.
554 4436 594 4502 20,
613 4454 637 4503 p.
654 4437 715 4504 301)
734 4443 761 4490 et
778 4440 888 4492 Mucuro
898 4439 935 4505 (Z.
945 4441 962 4490 l.
972 4440 997 4489 d.
1007 4439 1037 4490 A.
1046 4438 1088 4505 40,
1097 4454 1122 4503 p.
1131 4437 1193 4505 301)
1203 4454 1301 4492 sumas.

221 4527 249 4596 1)
265 4529 324 4580 Tae.
342 4528 411 4580 Ann.
428 4529 498 4596 XllI,
515 4529 555 4580 54.
