3240 5304
621 1611 786 1686 CAPUT
835 1611 864 1684 l.

206 1832 258 1899 lle
280 1830 449 1914 gentibus
470 1829 628 1914 patriam
651 1830 813 1895 nostram
836 1827 968 1912 primis
990 1829 1073 1912 post
1095 1828 1282 1896 Christum

457 1946 582 2010 natum
605 1943 760 2010 meeulis
781 1943 1036 2010 incolentibus.

292 2480 310 2561 ξ
337 2482 363 2543 1.
387 2478 436 2543 De
456 2478 581 2563 populis
603 2484 737 2558 tempore
759 2478 882 2542 Tacitae
899 2479 1045 2562 patriam
1067 2485 1208 2544 nestram

643 2591 851 2658 incolentibus.

232 2805 340 2868 Primo
375 2805 475 2888 igitur
509 2806 578 2868 loeo
614 2804 875 2888 investigandum
910 2810 967 2887 est,
995 2823 1078 2888 quae
1108 2809 1309 2888 gentesque

187 2920 257 2982 loeo
293 2919 431 2982 saeculis
466 2924 579 3002 quarto
616 2923 646 2982 et
682 2919 795 3001 quinto
827 2937 855 3000 p.
884 2915 915 2980 Ο.
941 2938 971 2980 u.
1002 2918 1136 3002 patriam
1167 2922 1309 2982 nostram

188 3031 409 3096 habitaverint.
452 3029 555 3115 Opera
596 3031 808 3115 geographica
843 3030 892 3095 vel
928 3032 1177 3115 ethnographioa
1212 3032 1310 3112 hujus

188 3147 340 3230 temporis
364 3165 438 3209 oum
463 3164 527 3208 non
551 3147 722 3228 supersint,
747 3163 853 3228 neque
877 3164 894 3208 e
914 3147 1018 3228 parcis
1037 3145 1165 3209 indiciis
1185 3145 1225 3209 ab
1246 3145 1310 3208 his·
1384 3202 1388 3208 .

189 3260 298 3322 toriois
331 3261 374 3338 (et
409 3257 560 3341 qualibus
594 3258 766 3336 historicis)
798 3259 933 3321 servatis
963 3257 1057 3322 facile
1088 3258 1161 3341 quis
1192 3263 1310 3322 cartam

191 3371 252 3436 sibi
283 3373 456 3456 imaginem
489 3372 587 3454 huJus
611 3373 658 3434 rei
681 3370 819 3434 formare
842 3373 952 3454 possit,
976 3391 1063 3435 unus
1087 3372 1310 3435 tantummodo

191 3486 305 3550 modus
327 3504 496 3571 superesse
519 3485 655 3567 videtur,
679 3504 742 3568 quo
764 3486 968 3569 aliquatenus
988 3486 1100 3550 saltam
1114 3504 1181 3550 rem
1195 3484 1311 3550 obseu-

190 3600 350 3664 rissimam
378 3600 412 3661 in
437 3599 540 3662 lucem
564 3599 748 3682 protrahere
770 3598 863 3662 nobis
886 3598 1022 3663 fortasse
1045 3600 1227 3682 contingat3
1252 3600 1313 3663 soi-

190 3713 264 3777 lioet
305 3713 425 3778 saeculi
465 3715 560 3796 primi
602 3719 719 3778 statum
756 3714 851 3797 paulo
886 3712 1001 3777 melius
1036 3715 1201 3797 cognitum
1238 3733 1312 3777 eum

192 3826 366 3892 habeamus
395 3827 538 3890 ePuuur
559 3825 726 3902 Tleruroun
749 3829 886 3911 seriptis,
910 3846 992 3910 quaa
1016 3827 1067 3890 hio
1089 3827 1155 3891 illis
1179 3846 1196 3891 a
1218 3826 1313 3891 fonti-

191 3941 253 4006 bus
287 3941 447 4026 prioribus
482 3941 625 4025 suppleri
659 3946 803 4024 possunt,
840 3941 1060 4024 quaerendum
1093 3943 1232 4024 primum
1256 3945 1313 4023 est,

193 4057 249 4139 qui
278 4055 369 4119 loeus
391 4054 543 4139 gentibus
565 4074 584 4118 a
607 4055 717 4119 Puuuo
741 4054 916 4129 Troiuoeuu
939 4056 1114 4118 nominatis
1138 4053 1313 4119 attribuen-

193 4169 254 4233 dus
287 4170 345 4234 sit:
371 4188 435 4252 quo
457 4168 541 4232 facto
564 4169 810 4252 diligentissime
834 4169 979 4231 omnium
998 4167 1136 4231 fontium
1161 4168 1314 4251 posterio-

190 4301 265 4345 mm
296 4281 415 4345 indicia
446 4281 716 4364 percensebimus,
751 4285 786 4344 ut
821 4281 999 4363 videamus,
1022 4299 1180 4364 quaenam
1202 4286 1314 4364 gentes

193 4416 211 4459 a
245 4394 475 4480 posterioribus
509 4394 720 4480 scriptoribus
755 4413 792 4459 eo
825 4395 918 4459 mode
948 4400 1247 4478 commemorentur,
1279 4399 1316 4458 ut
1401 4442 1403 4446 s

194 4529 253 4574 suu
288 4510 357 4575 loeo
393 4529 446 4575 eas
476 4511 669 4574 remansisse
702 4509 776 4573 inde
808 4507 933 4574 efficere
963 4511 1135 4594 possimus,
1158 4527 1315 4592 quaenam
