3244 5296
867 539 908 602 96

327 723 507 789 Nannenus
529 724 649 805 about
672 722 932 804 ...‚Quintinus
952 743 1021 788 curn
1046 721 1181 787 eaereitu
1192 721 1275 786 circa
1287 721 1448 787 Nioisium

326 837 483 903 amellam
525 837 668 902 Rhenum
704 843 929 919 transgressus,
963 837 1107 902 caruca
1142 858 1164 901 a
1196 835 1290 914 fluuio
1324 837 1448 920 castris,

325 971 416 1015 casas
452 951 678 1016 habitatoribus
712 971 828 1016 aarum
862 957 958 1037 atquc
992 952 1133 1035 inpertes
1166 951 1247 1015 eicos
1283 949 1448 1014 destitutas

326 1064 463 1145 offendit.
498 1064 616 1128 Jlranci
649 1064 731 1128 enim
762 1063 906 1128 simutno
929 1069 1011 1128 metu
1034 1084 1065 1127 se
1092 1065 1124 1127 in
1147 1064 1324 1128 remotiores
1346 1064 1448 1127 sottus

326 1182 514 1261 receperant.
539 1177 693 1262 Sequitur
716 1178 897 1261 descriptio,
921 1178 1080 1262 quomodo
1104 1179 1205 1242 saltus
1224 1177 1448 1261 illosingressi

327 1291 489 1354 erroribus
513 1310 547 1354 sc
570 1290 772 1374 implicantes
795 1291 922 1354 tandem
948 1295 982 1354 in
1007 1310 1136 1375 campos
1156 1291 1315 1375 palustres
1336 1310 1447 1374 proru-

327 1406 431 1488 perint
465 1403 611 1486 Romani,
646 1403 701 1467 nbi
738 1405 946 1469 multitudine
976 1406 1115 1468 hostium
1141 1405 1355 1468 circumfusae
1377 1423 1447 1489 per·

327 1517 463 1582 turbatis
483 1516 651 1581 ordinibus
671 1535 781 1582 caesae
793 1522 870 1581 sunt
882 1518 1033 1602 legiones.
1046 1518 1200 1601 Sequenti
1212 1537 1297 1581 auno
1310 1522 1395 1598 (cum
1409 1517 1448 1581 dc

328 1630 548 1695 interfectione
571 1628 712 1694 Victoris
736 1630 795 1694 filii
819 1629 954 1694 Maximi
976 1632 1106 1710 tyranni
1130 1637 1283 1711 narraret,
1293 1633 1313 1693 i.
1325 1650 1350 1694 e.
1372 1632 1448 1707 289)

326 1745 516 1828 Ariopastes
556 1752 717 1809 commoret
757 1743 923 1810 Gaesarem
955 1765 1071 1828 poenas
1104 1745 1221 1809 debitas
1255 1766 1275 1808 a
1310 1744 1449 1809 Francia

327 1859 502 1941 eruendas,
524 1859 590 1922 nisi
612 1860 767 1941 univerae,
789 1879 870 1946 quae
892 1860 1051 1938 superiore
1069 1878 1154 1923 anno
1173 1860 1269 1922 caesis
1281 1857 1448 1940 legionibus

327 1973 539 2056 deripuerant,
563 1973 725 2056 confestim
747 1974 945 2037 restituerent
965 1978 1163 2056 auctoresque
1185 1970 1257 2035 oetlt
1278 1971 1449 2053 traderent,

326 2085 361 2150 in
395 2105 473 2170 quos
502 2085 636 2150 enneae
653 2086 745 2166 pacis
764 2085 901 2166 papeia
923 2085 1098 2167 puniretur.
1123 2085 1238 2168 Itaque
1264 2091 1354 2168 „post
1379 2085 1448 2148 dics

326 2200 481 2283 pauculos
501 2219 575 2263 cum
600 2199 796 2264 Marcomcre
820 2205 852 2263 et
875 2198 1030 2263 Sunnona
1053 2199 1250 2262 Francorum
1264 2197 1448 2282 regalibus”

330 2313 526 2396 colloquitur
548 2311 673 2377 Caesar.
697 2311 813 2397 Neque
836 2319 909 2376 ante
932 2331 1053 2376 annum
1080 2313 1143 2375 392
1167 2314 1345 2395 impetrare,
1358 2311 1447 2395 quod

327 2426 486 2510 cupiebat,
517 2426 714 2510 Arbogastas
757 2429 880 2511 potnit3
923 2427 979 2491 sed
1014 2446 1051 2491 eo
1086 2427 1216 2490 demum
1252 2444 1346 2506 anna,
1381 2445 1447 2509 quo

329 2542 458 2622 „clauso
482 2541 568 2624 apud
591 2540 750 2605 Viennam
771 2541 881 2624 palatii
901 2540 1034 2605 aedibus
1047 2542 1191 2624 principe
1211 2538 1449 2620 Valentiniano,

409 2656 555 2719 militaris
596 2657 643 2719 rei
677 2675 755 2718 cura
787 2655 920 2719 Francis
956 2655 1146 2718 satellitibus
1180 2654 1305 2734 tradita,
1340 2653 1448 2716 civilia

327 2789 457 2852 quoque
493 2769 598 2833 officia
632 2775 833 2853 transgressa
866 2770 900 2830 in
936 2770 1191 2851 conjurationem
1227 2765 1448 2850 Arbogastis'’‚

327 2901 364 2946 eo
399 2902 483 2946 anno
518 2884 570 2945 hic
605 2881 791 2947 Sunnouem
824 2889 855 2946 et
883 2881 1109 2946 Marcomerem
1135 2880 1326 2965 subregulos
1348 2880 1447 2944 Fran-

326 3016 436 3060 corum
457 2996 666 3080 gentilibus1)
680 2997 761 3060 odiis
774 2998 936 3060 insectans
948 2997 1159 3081 Agrippinam
1172 2998 1294 3080 rigante
1308 2997 1448 3058 maxime

326 3112 430 3176 hicme
457 3113 545 3195 petit,
567 3116 658 3175 ratus
681 3115 747 3174 tuto
770 3131 874 3174 omnes
896 3110 1057 3174 Franciae
1079 3130 1216 3174 recessus
1235 3109 1448 3189 penetrandos

326 3225 530 3311 urendasque,
561 3244 630 3288 curn
664 3225 799 3289 decussis
834 3223 921 3308 foliis
954 3225 1060 3288 nudae
1082 3228 1177 3308 atque
1202 3229 1325 3288 arentes
1352 3224 1449 3288 siloae

325 3339 513 3402 insidiantes
535 3337 669 3402 occuure
691 3357 757 3402 non
777 3343 911 3418 possent.
937 3335 1064 3402 Collecto
1088 3357 1158 3420 erpo
1180 3337 1317 3401 uestra
1340 3343 1446 3401 trans-

325 3472 448 3533 pressus
482 3451 636 3531 Rhenum,
671 3450 842 3515 Bructeros
876 3451 965 3534 ripae
997 3450 1167 3532 prosimos,
1195 3470 1314 3532 papum
1343 3450 1447 3532 etiam

326 3585 415 3653 quern
439 3562 590 3629 Otamaui
611 3565 761 3646 incolunt,
784 3565 990 3647 depopulatus
1009 3569 1054 3629 est
1072 3563 1159 3628 nulle
1177 3583 1326 3648 umquam
1339 3584 1446 3628 occur·

325 3686 424 3761 sante,
446 3680 511 3743 nisi
533 3680 616 3761 quod
636 3679 731 3758 pauci
753 3699 791 3743 esc
813 3679 1027 3758 Ampsiuariis
1049 3683 1078 3742 et
1102 3676 1224 3742 Cottteis
1247 3677 1447 3742 Marconrere

325 3793 435 3856 duce
424 3812 458 3856 en
480 3791 680 3856 ulterioribus
703 3791 865 3856 collium
848 3792 935 3874 pupis
957 3811 1143 3875 apparuere.
1168 3792 1335 3857 Postremo
1358 3791 1445 3876 apud

325 3908 463 3972 eundem
498 3912 660 3971 auctorem
696 3907 735 3972 de
770 3906 916 3990 Eugenio
948 3913 1085 3988 tyranno
1109 3901 1256 3990 legimus
1280 3909 1337 3990 qui
1361 3926 1445 3971 anno

325 4023 388 4084 393
411 4019 516 4085 Rheni
537 4019 663 4084 timitem
683 4021 780 4104 petiit,
803 4028 837 4084 ut
859 4041 928 4084 curn
940 4020 1193 4085 Alamannorum
1204 4027 1233 4084 ct
1245 4019 1446 4085 Francorum

322 4133 445 4216 repibus
467 4133 596 4198 uetustis
619 4133 795 4218 taedaibus
817 4155 855 4198 ea
873 4154 956 4198 mue
975 4134 1445 4212 initisirnrnensumeatenepes-

323 4254 385 4312 tate
407 4247 574 4312 cauatam
596 4247 737 4330 pentibus
759 4246 839 4331 feris
860 4251 1046 4324 ostentaret3
1071 4247 1446 4331 eodemquetemporeet

358 4498 386 4565 l)
404 4499 496 4564 Ipsum
513 4498 703 4563 Arbogastcm
705 4497 839 4548 Francum
857 4495 940 4548 tuisse
957 4501 985 4547 at
1001 4497 1110 4548 aliunde
1128 4497 1197 4563 (.Zos
1205 4497 1241 4549 iv
1242 4495 1302 4564 53>
1311 4513 1446 4549 novimus

1606 3707 1613 4015 l

1605 4081 1612 4304 l

1594 4849 1610 5250 l
