3240 5304
840 569 881 634 30

300 759 380 822 sisse
414 777 488 822 eum
524 756 652 840 quidem
689 775 755 820 rem
790 756 914 836 falsam,
938 757 994 821 ssd
1018 758 1077 821 hoc
1099 776 1173 821 eum
1196 756 1319 838 fecisse,
1343 757 1420 839 quia

300 873 407 936 minus
442 871 637 952 intellexerit
669 871 788 935 fontem
824 891 920 934 suum
957 873 1064 935 omnia
1098 877 1183 936 recte
1205 871 1418 955 praebentem.

299 984 330 1049 S.
349 1005 376 1048 a
392 1004 422 1048 v.
445 989 501 1048 aut
524 982 726 1047 Ptolemaeus
751 983 939 1067 nescioquid
964 984 1003 1048 de
1025 983 1089 1048 illis
1112 984 1262 1067 gentibus
1287 982 1419 1046 hariola-

298 1105 352 1163 tur
386 1097 536 1163 omnibus
570 1095 846 1161 consentientibus
880 1097 1006 1179 falsum,
1038 1102 1094 1161 aut
1117 1116 1169 1162 res
1192 1099 1237 1160 ita
1259 1116 1294 1162 se
1317 1095 1420 1175 habet,

300 1218 336 1277 ut
369 1211 489 1296 Tungri
524 1210 664 1294 Menapii
699 1230 762 1274 non
794 1211 833 1274 ad
865 1217 977 1294 gentes
1001 1213 1176 1276 maritimas
1199 1211 1420 1295 pertinuerint,

300 1327 380 1405 (sive
415 1326 475 1389 boc
508 1326 614 1408 ipsum
651 1322 834 1408 significant
866 1324 962 1388 verba
993 1324 1177 1406 Ptolemaei,
1207 1327 1276 1388 sive
1298 1323 1417 1387 fontem

301 1442 383 1503 male
406 1440 591 1522 descripsit).
615 1436 686 1501 Hoc
710 1440 736 1502 si
762 1458 873 1502 verum
900 1445 958 1519 est,
980 1440 1065 1503 inter
1088 1437 1231 1502 Morinos
1244 1439 1421 1502 maritimos

300 1567 331 1618 ct
350 1552 514 1638 Menapios
536 1551 684 1635 Belgicae
697 1557 818 1615 tractus
830 1551 1088 1635 septentrionalis
1101 1557 1223 1636 partem
1235 1553 1419 1615 interiorem

300 1668 478 1732 habitantes
510 1665 757 1731 inveniebantur
789 1666 927 1749 Tungri:
965 1667 1024 1730 hoc
1059 1685 1124 1730 uno
1160 1666 1252 1729 modo
1288 1685 1418 1729 sensum

300 1781 536 1866 quodammodo
559 1779 687 1864 praebet
711 1780 801 1843 locus
824 1786 942 1845 noster.

346 1897 375 1960 A
396 1895 502 1959 Plinio
528 1913 610 1976 vero,
631 1895 725 1976 cujus
749 1913 846 1977 supra
869 1893 1037 1957 attulimus
1060 1893 1165 1957 locum
1180 1883 1211 1974 ¹),
1234 1892 1421 1956 alioordine

301 2014 530 2074 enumerantur
563 2006 689 2088 Morini,
710 2005 859 2091 Menapii,
887 2006 1087 2088 ,Texuandri
1112 2006 1260 2092 pluribus
1283 2007 1419 2069 nomini-

301 2121 392 2188 bus'’.
414 2121 487 2186 Jam
510 2121 585 2185 inde
608 2141 626 2184 a
645 2120 811 2184 Strabonis
831 2121 1030 2205 temporibus
1044 2120 1208 2205 Menapios
1221 2119 1419 2184 Morinorum

300 2236 454 2302 finitimos
476 2236 585 2316 fuisse,
608 2255 705 2319 supra
731 2235 887 2314 vidimus3
914 2241 1022 2320 postea
1047 2254 1177 2319 quoque
1200 2235 1421 2316 (besaeculo

301 2355 414 2434 quarto
446 2353 527 2433 sqq.)
550 2347 692 2433 Menapii
717 2351 796 2412 mari
819 2351 982 2432 propiores
1006 2355 1104 2428 erant,
1126 2349 1312 2414 Texuandri
1336 2351 1416 2412 inte·

300 2465 415 2528 riorem
450 2469 571 2546 partem
605 2464 789 2546 provinciae
822 2463 974 2527 tenebant
988 2471 1026 2542 ’μ
1063 2465 1142 2547 quin
1175 2470 1298 2527 rectum
1321 2465 1421 2547 igitur

300 2578 466 2642 tradiderit
489 2576 626 2658 Plinius,
650 2596 712 2640 non
738 2585 787 2640 est
810 2577 895 2660 quod
916 2577 1109 2642 dubitemus.
1126 2578 1273 2661 Tungros
1290 2578 1418 2662 quidem

301 2710 365 2753 non
408 2693 561 2771 nominat,
603 2689 756 2773 quoniam
799 2697 906 2754 autom
952 2691 1063 2774 ,plura
1107 2691 1260 2755 nomina”
1302 2690 1420 2755 babent

300 2803 492 2885 Texuandri,
520 2803 723 2886 Tungrorum
754 2804 890 2869 fortasse
913 2825 1015 2869 unum
1040 2825 1081 2869 ex
1105 2806 1169 2870 illis
1193 2806 1419 2890 pluribusne

301 2917 443 2982 minibus
467 2923 541 2981 erat.
565 2916 784 2982 Ptolemaeum
810 2939 906 2983 suum
931 2901 1005 2983 cnm
1031 2918 1137 2983 Plinio
1158 2940 1222 2983 non
1243 2940 1420 3005 congruere

301 3032 414 3096 videns
449 3033 736 3114 auctoritatemque
770 3034 840 3115 ejus
875 3038 980 3097 tamen
1017 3052 1145 3098 servare
1176 3037 1318 3119 cupiens,
1344 3036 1420 3100 haec

299 3146 494 3229 excogitavit
529 3144 698 3210 Znussrus:
733 3145 942 3211 Texuandros
977 3153 1098 3231 partem
1134 3148 1234 3213 fuisse
1258 3148 1419 3234 Menapio-

300 3279 371 3325 rum
385 3257 429 3344 3);
454 3279 491 3324 so
514 3260 609 3324 modo
632 3260 725 3324 etiam
751 3259 891 3345 Menapii
902 3261 1001 3325 Plinii
1011 3261 1275 3327 Texuandrorum
1290 3266 1421 3327 nomine

300 3375 340 3438 ad
375 3373 524 3438 Rhenum
555 3375 722 3458 pertinent.
746 3373 808 3439 Sed
833 3376 910 3459 quid
933 3376 1078 3460 Tungri?
1101 3375 1149 3440 De
1167 3376 1305 3460 Tungris
1325 3374 1421 3449 οὐδεὶς

301 3486 396 3566 λόγος.
433 3489 476 3552 At
510 3489 606 3552 etiam
630 3490 657 3552 si
683 3489 750 3569 lroc,
774 3489 859 3572 qnod
883 3488 1030 3574 Tungros
1054 3493 1172 3574 omisit,
1195 3493 1417 3576 praetermitti-

302 3621 384 3682 mus,
414 3603 480 3684 jam
514 3609 644 3685 propter
678 3603 737 3666 hoc
773 3623 873 3665 unum
911 3623 1034 3668 errasse
1069 3605 1195 3670 videtur
1219 3627 1246 3668 v.
1271 3605 1309 3686 d.,
1334 3607 1417 3689 quod

302 3735 427 3799 semper
456 3721 487 3779 ct
510 3715 631 3799 ubique
654 3722 718 3780 tam
743 3717 827 3799 apud
851 3718 973 3801 priores
998 3739 1094 3802 quam
1120 3720 1204 3803 apud
1229 3722 1420 3803 posteriores

301 3838 448 3894 auctores
471 3831 555 3894 inter
578 3849 612 3894 se
635 3831 881 3915 distinguuntur
901 3831 1039 3916 Menapii
1058 3832 1324 3916 Texuandrique3
1338 3835 1420 3896 nulli

300 3946 370 4007 loco
394 3946 575 4025 conjectura
599 3944 774 4009 Zeussiana
797 3949 947 4009 convenit
972 3948 1033 4010 nisi
1060 3949 1135 4010 huic
1161 3966 1242 4026 nno,
1267 3950 1421 4031 nunquia

301 4060 480 4121 necessaria
514 4063 590 4139 erat,
625 4077 693 4122 earn
718 4061 914 4143 excogitavit
937 4080 965 4122 v.
990 4061 1029 4142 d,
1052 4060 1107 4124 sed
1132 4061 1274 4143 nequid
1300 4061 1419 4125 detrec·

302 4237 446 4246 ——

333 4351 658 4421 Mmffimffiffi.

334 4446 362 4513 2)
379 4447 461 4499 Locos
477 4449 542 4499 citat
559 4449 648 4500 Zeuss.
666 4450 703 4500 ll.
721 4464 746 4514 p.
764 4449 811 4500 all

334 4537 584 4606 Mapfflm
