3244 5296
751 1575 916 1650 CAPUT
943 1575 1011 1649 iii.

576 1793 627 1859 lle
652 1792 926 1875 archaeologlae
950 1792 1187 1860 testimoniis.

782 2062 972 2070 —

364 2277 664 2361 „Ethnographisch
681 2276 874 2341 verwertbar
887 2277 960 2340 sind
972 2277 1023 2340 die
1036 2276 1315 2360 archiologischen
1327 2275 1442 2340 Funde

316 2391 424 2473 allein,
454 2410 549 2454 weun
581 2393 627 2454 sie
652 2392 709 2453 mit
733 2391 945 2454 historischen
970 2390 1046 2453 oder
1068 2389 1316 2472 linguistischen
1340 2389 1441 2472 Zeug-

318 2509 425 2569 nissen
461 2502 778 2568 iibereinstimmen.”
813 2502 901 2566 Huic
936 2504 1111 2567 multorum
1143 2505 1286 2586 opinioni
1317 2504 1442 2566 etiamsi

318 2636 382 2680 non
418 2635 551 2700 prorsus
582 2616 825 2699 adstipulamur,
856 2621 961 2680 tamen
996 2616 1097 2679 multa
1121 2629 1196 2680 vara
1219 2618 1252 2679 in
1277 2635 1314 2679 ea
1337 2617 1443 2679 inesse

316 2730 530 2795 concedamus
554 2735 687 2812 oportet.
712 2728 760 2793 De
782 2731 927 2813 gentium
952 2729 1159 2793 barbararum
1183 2731 1267 2792 inter
1291 2749 1325 2792 se
1345 2727 1441 2791 confi-

317 2845 409 2907 nium
433 2845 624 2907 commercio
649 2861 749 2926 paene
773 2844 852 2906 nihil
876 2849 989 2907 uotum
1015 2842 1179 2924 habemus,
1200 2844 1255 2907 sed
1276 2845 1304 2906 si
1323 2842 1442 2906 alicubi

319 2955 425 3040 opifex
448 2957 664 3040 peritissimus
688 2962 755 3019 erat
779 2957 829 3020 vel
853 2958 948 3020 etiam
972 2977 1062 3040 gens,
1087 2955 1442 3040 quaerem‚quaeaiibi

319 3091 383 3134 non
406 3068 643 3152 inveniebatur,
666 3069 795 3134 abunde
825 3088 843 3134 e
866 3076 951 3134 terra
974 3070 1027 3134 vol
1051 3073 1131 3133 mari
1155 3070 1324 3153 colligebat
1346 3068 1442 3151 fabri·

319 3184 502 3265 cubaturus,
536 3189 650 3266 sponte
684 3185 876 3267 intelligitur
910 3184 1069 3266 ejusmodi
1100 3203 1223 3248 merces
1247 3189 1278 3248 at
1301 3184 1340 3246 ad
1363 3184 1443 3246 alios

319 3299 455 3382 populos
479 3299 679 3381 perveniss03
705 3303 774 3361 tum
800 3301 895 3362 etiam
922 3299 1189 3362 verisimillimum
1214 3303 1373 3362 astartem
1386 3298 1443 3360 ali·

319 3414 412 3494 cujus
444 3413 490 3475 rei
512 3410 717 3474 fabricandae
740 3417 1067 3495 ornamentorumque
1090 3431 1186 3475 usum
1207 3417 1243 3475 ut
1264 3411 1443 3494 complures

320 3527 466 3590 nationes
490 3522 640 3588 barbaras
664 3544 682 3586 a
704 3522 858 3588 Romanis
882 3525 1032 3608 didicisse
1055 3526 1186 3606 scimus,
1211 3527 1259 3588 sic
1280 3523 1351 3588 illas
1365 3543 1442 3606 quo-

319 3657 382 3722 que
405 3639 535 3720 saepius
559 3637 737 3701 tradidisse.

364 3751 438 3816 Una
459 3751 588 3834 quidem
602 3770 652 3814 res
665 3752 761 3832 iniis,
774 3751 814 3816 de
827 3751 947 3836 quibus
961 3752 1145 3835 disquisitio
1157 3757 1268 3816 nostra
1280 3753 1354 3836 agit,
1367 3753 1445 3816 satis

319 3869 458 3929 constat:
486 3882 569 3946 quae
596 3863 855 3947 „antiquitates'’‚
880 3866 1066 3948 praesertim
1090 3883 1173 3948 quae
1185 3864 1317 3929 vascula
1327 3863 1447 3946 fictilia,

320 3979 437 4063 Anglis
469 3977 653 4042 saxonibus
686 3977 862 4042 Britaniam
888 3978 1121 4062 occupantibus
1144 3978 1349 4042 attribuenda
1372 3979 1445 4059 sint,

320 4095 380 4157 hac
414 4096 447 4155 in
483 4111 517 4156 re
552 4110 664 4155 omnes
699 4093 907 4157 consentiunt
943 4094 1003 4155 viri
1036 4092 1129 4156 docti.
1153 4091 1280 4156 Haecca
1305 4093 1445 4172 vascula,

320 4226 445 4291 semper
469 4206 549 4269 dura
572 4207 721 4288 laevique
745 4208 923 4290 superficie,
947 4208 1134 4290 saepissime
1154 4208 1247 4289 nigra
1267 4207 1317 4270 vei
1330 4207 1445 4290 glauca

319 4322 369 4385 vel
405 4321 518 4401 caesia,
554 4320 603 4382 his
639 4318 746 4382 verbis
782 4319 933 4383 describit
965 4317 1143 4399 Unnsnnb:
1185 4320 1359 4400 „lerurner,
1383 4319 1446 4383 ofte

324 4464 466 4472 ——-—--

359 4530 386 4593 i)
405 4529 455 4579 Fra
480 4529 581 4592 Norges
599 4528 679 4577 aeldre
697 4528 836 4580 icrualder
854 4530 880 4578 in
901 4530 1035 4595 Aurhbger
1054 4531 1094 4579 lor
1113 4529 1227 4580 Nordislr
1247 4529 1449 4594 Oldhyudighed
