3244 5296
731 537 791 600 131

243 724 361 789 Contra
386 724 503 788 (lunas
527 726 559 786 in
584 723 680 787 Libro
705 722 849 800 Querulo
873 723 912 787 de
936 723 1063 786 excidio
1086 726 1117 786 et
1140 725 1321 806 conquestu

197 837 383 902 Britanniae
419 843 527 901 narrat
551 837 750 902 Britanniam
775 840 862 901 omni
888 841 1009 901 armato
1033 837 1133 901 milite
1153 837 1320 920 spoliatam

197 953 338 1034 primum
362 972 381 1015 a
403 952 507 1016 Sentis
532 951 697 1034 Pictisque
720 957 879 1032 vexatam,
903 955 1012 1034 postea
1037 951 1161 1034 legione
1184 950 1323 1015 adducta

197 1063 363 1128 liberatam
400 1083 479 1146 esse,
503 1066 603 1148 copiis
627 1063 782 1128 Romanis
807 1065 939 1128 domum
963 1062 1181 1128 remeantibus
1205 1063 1322 1128 iterum

197 1179 353 1259 irrupisse
376 1177 488 1241 Sootos
512 1176 628 1258 Pictos,
641 1179 756 1240 iterum
771 1175 955 1240 aRomanis
967 1175 1141 1240 reduaibus
1154 1176 1256 1240 viotos
1268 1193 1322 1239 eos

199 1309 285 1370 esse,
323 1295 390 1353 tum
428 1309 503 1354 vero
527 1289 757 1354 Britannorum
784 1291 937 1354 terminos
962 1297 1046 1354 terra
1070 1289 1215 1372 marique
1237 1306 1322 1352 oom-

202 1405 380 1468 munivisse
414 1402 585 1485 Romanos,
615 1405 702 1487 ipsos
726 1404 824 1467 ermis
848 1403 1052 1484 instruxisse,
1075 1410 1106 1466 et
1130 1402 1324 1466 valedixisse

199 1523 363 1602 tamquam
390 1519 474 1582 ultra
498 1539 563 1582 non
587 1538 773 1584 reversuros
786 1515 816 1598 ¹).
839 1517 944 1584 Tertia
965 1519 1143 1582 vastatione
1155 1523 1326 1600 emergunt

198 1634 273 1696 tetri
307 1631 473 1697 Scotorum
506 1632 735 1718 Pictorumque
765 1652 886 1717 greges.
911 1631 1017 1714 lpitur
1039 1651 1171 1696 rursum
1193 1631 1326 1695 miserae

199 1745 356 1809 initiantes
390 1745 535 1828 epistolas
565 1745 717 1830 reliquiae
749 1745 791 1809 ad
813 1745 956 1828 Apitium
979 1743 1143 1809 Romanae
1160 1745 1325 1828 potestatis

198 1859 312 1940 virum,
343 1858 397 1922 boe
419 1859 507 1940 morio
529 1859 705 1945 loquentes:
732 1859 858 1944 „Apitio
882 1866 928 1922 ter
952 1858 1072 1924 consuli
1092 1857 1223 1940 pernitus
1248 1857 1326 1922 Bri·

200 1971 390 2035 tannorurn'’
424 1977 453 2036 et
486 1978 556 2052 posi
587 1993 693 2057 patrea
723 1979 904 2059 querentes:
938 1972 1111 2057 ,repellunt
1133 1971 1262 2036 barbari
1284 1971 1327 2035 mi

201 2104 297 2166 mare,
318 2084 439 2165 repellit
461 2106 550 2150 mare
572 2086 615 2150 erl
638 2085 807 2165 barbaros;
829 2088 913 2150 inter
935 2085 1011 2151 leaeo
1033 2086 1218 2168 duopenera
1230 2085 1326 2170 fune-

200 2217 272 2260 rum
307 2203 363 2261 aut
393 2198 582 2283 jupulomur
611 2204 669 2264 aut
699 2199 909 2285 merpimur'’;
934 2220 991 2265 nea
1010 2219 1069 2282 pro
1091 2201 1136 2264 eis
1159 2200 1327 2285 quiequam

203 2311 357 2394 adjutorii
379 2311 500 2377 babent.
519 2313 599 2379 Tum
624 2317 763 2397 primum
789 2317 850 2398 ipsi
869 2314 1016 2380 hostibus
1028 2319 1151 2398 strages
1164 2312 1283 2377 dabant
1296 2317 1327 2394 ²),

202 2425 258 2488 sed
283 2445 387 2490 novus
411 2445 521 2491 eorum
547 2428 706 2493 adventus
730 2448 804 2492 aum
828 2431 1005 2509 nuntiatur,
1028 2447 1131 2492 omnes
1152 2424 1328 2491 masiliarii

201 2558 268 2603 una
291 2560 360 2603 eum
383 2541 512 2624 superbo
536 2545 673 2625 tyranno
696 2546 874 2624 enecantur,
897 2541 1132 2606 adinvenientes
1156 2539 1218 2604 tale
1235 2559 1327 2619 prae·
1361 2605 1365 2616 ,

205 2652 330 2734 sidium,
363 2655 454 2718 immo
489 2655 651 2735 escidium,
683 2655 819 2736 patriae,
853 2661 888 2718 ut
917 2654 1103 2739 feromssimi
1125 2653 1173 2718 illi
1194 2652 1330 2737 nefandi
1359 2733 1361 2738 Ι

202 2767 337 2831 nominis
371 2766 510 2832 Seuerus
544 2768 599 2832 deo
633 2769 867 2850 hominibusque
901 2769 1003 2850 innisi,
1037 2769 1130 2854 quasi
1160 2768 1195 2830 in
1220 2765 1329 2831 caulas

203 2880 278 2965 lupi,
308 2882 344 2945 in
366 2882 505 2946 insulam
528 2883 571 2946 aei
591 2883 808 2947 retundendas
830 2883 1025 2970 aquilonales
1047 2888 1153 2965 pentes
1175 2881 1328 2946 intromit-

204 3001 363 3059 terentur.
463 2995 544 3075 Quos
561 2997 751 3081 propensius
772 3003 868 3061 morte
890 3017 959 3060 eum
981 2996 1123 3060 abessent
1146 2994 1326 3076 tremebant,

204 3115 319 3192 sponte,
349 3114 387 3173 ut
416 3110 464 3173 ita
487 3110 598 3190 diram,
621 3111 677 3174 sub
700 3110 798 3174 unius
821 3111 891 3174 teeti
914 3109 1048 3173 eulmine
1070 3107 1324 3172 tantaleam...

204 3221 330 3304 Tribus,
354 3229 388 3287 ut
411 3222 520 3306 linqua
543 3225 613 3308 ejus
635 3223 833 3305 obprimitur,
855 3223 964 3308 cyulis,
986 3230 1097 3288 nostra
1121 3221 1221 3304 lonpls
1243 3219 1331 3284 naei-

205 3334 271 3417 bus,
284 3385 290 3398 .
304 3385 310 3398 .
324 3385 349 3398 ..
385 3341 512 3420 evectus,
542 3339 680 3417 primum
711 3340 746 3402 in
778 3337 926 3403 orientali
945 3345 1038 3417 parte
1061 3335 1183 3400 insulae
1203 3334 1332 3417 jubente

204 3448 350 3533 infausto
384 3455 523 3535 tyranno
556 3451 707 3515 terribiles
745 3452 850 3532 infinit
884 3471 1083 3533 unques...
1109 3448 1169 3514 Oui
1189 3448 1331 3530 penetria

205 3563 395 3646 comperiens
434 3565 533 3643 primo
568 3563 691 3646 aparine
726 3564 827 3649 fuisse
859 3567 1090 3647 prosperatum,
1128 3562 1201 3626 item
1238 3559 1331 3624 mittit

205 3675 371 3740 satellitum
406 3696 581 3762 sanumque
609 3677 809 3761 proliatorem
838 3681 1000 3758 catastam,
1030 3696 1110 3760 quae
1133 3674 1253 3740 ratibus
1276 3673 1332 3737 ad·

205 3795 291 3853 venta
324 3789 489 3854 adunatur
524 3811 594 3854 eum
629 3790 883 3873 manipularibus
917 3789 1038 3873 spuriis
1052 3793 1082 3869 ³).
1113 3789 1186 3853 Non
1210 3789 1333 3872 quievit

205 3902 412 3967 intromissus
452 3905 563 3984 hostie,
598 3904 694 3968 donee
728 3909 871 3967 eunelam
904 3923 1006 3987 paene
1041 3921 1177 3966 exurens
1211 3899 1335 3963 insulae

206 4013 401 4096 superfierem
422 4015 522 4080 rubra
544 4017 761 4082 occidentalem
785 4016 928 4103 trucique
937 4034 1087 4081 oceanum
1099 4013 1209 4096 linqua
1221 4012 1323 4076 delam

241 4307 269 4372 i)
288 4324 310 4359 c.
327 4308 427 4359 14-18
447 4309 555 4374 (Chron.
574 4311 638 4361 Min.
658 4312 703 4375 lli,
721 4327 747 4375 p.
764 4309 884 4374 33-35).

241 4399 269 4464 i)
287 4400 360 4464 ibid,
379 4416 402 4452 e.
419 4399 453 4452 20
472 4401 509 4467 (p.
528 4399 561 4451 36
580 4403 635 4467 Μ.).

240 4489 267 4556 1)
284 4491 359 4555 ibid.,
376 4490 408 4541 23
426 4492 462 4556 (p.
480 4491 513 4542 38
532 4507 571 4557 sq.
593 4493 649 4557 M.).
