<?xml version="1.0" encoding="UTF-8"?>
<!DOCTYPE html PUBLIC "-//W3C//DTD XHTML 1.0 Transitional//EN"
    "http://www.w3.org/TR/xhtml1/DTD/xhtml1-transitional.dtd">
<html xmlns="http://www.w3.org/1999/xhtml" xml:lang="en" lang="en">
 <head>
  <title>
</title>
<meta http-equiv="Content-Type" content="text/html;charset=utf-8" />
  <meta name='ocr-system' content='tesseract 3.04.00' />
  <meta name='ocr-capabilities' content='ocr_page ocr_carea ocr_par ocr_line ocrx_word'/>
</head>
<body>
  <div class='ocr_page' id='page_1' title='image "./depopulisgerman00kromgoog_0126.png"; bbox 0 0 3244 5296; ppageno 0'>
   <div class='ocr_carea' id='block_1_1' title="bbox 714 522 777 585">
    <p class='ocr_par' dir='ltr' id='par_1_1' title="bbox 714 522 777 585">
     <span class='ocr_line' id='line_1_1' title="bbox 714 522 777 585; baseline -0.016 0"><span class='ocrx_word' id='word_1_1' title='bbox 714 522 777 585; x_wconf 82' lang='lat'><strong>105</strong></span> 
     </span>
    </p>
   </div>
   <div class='ocr_carea' id='block_1_2' title="bbox 177 707 1386 3517">
    <p class='ocr_par' dir='ltr' id='par_1_2' title="bbox 177 707 1386 3517">
     <span class='ocr_line' id='line_1_2' title="bbox 177 707 1305 792; baseline -0.002 -20"><span class='ocrx_word' id='word_1_2' title='bbox 177 710 303 791; x_wconf 77' lang='lat' dir='ltr'><strong>potuit3</strong></span> <span class='ocrx_word' id='word_1_3' title='bbox 339 710 433 772; x_wconf 84' lang='lat' dir='ltr'><strong>etiam</strong></span> <span class='ocrx_word' id='word_1_4' title='bbox 467 708 501 771; x_wconf 93' lang='lat' dir='ltr'><strong>in</strong></span> <span class='ocrx_word' id='word_1_5' title='bbox 524 708 679 773; x_wconf 87' lang='lat' dir='ltr'><strong>laterculo</strong></span> <span class='ocrx_word' id='word_1_6' title='bbox 704 707 885 772; x_wconf 75' lang='lat' dir='ltr'><strong>Veronensi</strong></span> <span class='ocrx_word' id='word_1_7' title='bbox 910 707 1121 792; x_wconf 83' lang='lat' dir='ltr'><strong>Angrivarios</strong></span> <span class='ocrx_word' id='word_1_8' title='bbox 1144 707 1305 770; x_wconf 90' lang='lat' dir='ltr'><strong>nomimrri</strong></span> 
     </span>
     <span class='ocr_line' id='line_1_3' title="bbox 178 819 1304 904; baseline -0.001 -21"><span class='ocrx_word' id='word_1_9' title='bbox 178 821 330 900; x_wconf 89' lang='lat' dir='ltr'><strong>vidimus,</strong></span> <span class='ocrx_word' id='word_1_10' title='bbox 354 820 399 884; x_wconf 94' lang='lat' dir='ltr'><strong>ibi</strong></span> <span class='ocrx_word' id='word_1_11' title='bbox 422 839 498 885; x_wconf 84' lang='lat' dir='ltr'><strong>vero</strong></span> <span class='ocrx_word' id='word_1_12' title='bbox 523 839 565 885; x_wconf 87' lang='lat' dir='ltr'><strong>ex</strong></span> <span class='ocrx_word' id='word_1_13' title='bbox 588 822 770 904; x_wconf 89' lang='lat' dir='ltr'><strong>antiquiore</strong></span> <span class='ocrx_word' id='word_1_14' title='bbox 782 819 893 884; x_wconf 87' lang='lat' dir='ltr'><strong>tabula</strong></span> <span class='ocrx_word' id='word_1_15' title='bbox 906 821 1026 903; x_wconf 89' lang='lat' dir='ltr'><strong>sumpti</strong></span> <span class='ocrx_word' id='word_1_16' title='bbox 1039 836 1109 884; x_wconf 90' lang='lat' dir='ltr'><strong>esse</strong></span> <span class='ocrx_word' id='word_1_17' title='bbox 1121 823 1304 903; x_wconf 87' lang='lat' dir='ltr'><strong>potuerunt.</strong></span> 
     </span>
     <span class='ocr_line' id='line_1_4' title="bbox 178 932 1304 1018; baseline -0.003 -20"><span class='ocrx_word' id='word_1_18' title='bbox 178 933 243 998; x_wconf 86' lang='lat' dir='ltr'><strong>Sed</strong></span> <span class='ocrx_word' id='word_1_19' title='bbox 277 935 316 999; x_wconf 89' lang='lat' dir='ltr'><strong>de</strong></span> <span class='ocrx_word' id='word_1_20' title='bbox 351 935 409 998; x_wconf 88' lang='lat' dir='ltr'><strong>hoc</strong></span> <span class='ocrx_word' id='word_1_21' title='bbox 439 935 557 1018; x_wconf 90' lang='lat' dir='ltr'><strong>populo</strong></span> <span class='ocrx_word' id='word_1_22' title='bbox 590 934 667 1018; x_wconf 92' lang='lat' dir='ltr'><strong>quid</strong></span> <span class='ocrx_word' id='word_1_23' title='bbox 691 933 900 998; x_wconf 88' lang='lat' dir='ltr'><strong>statuendum</strong></span> <span class='ocrx_word' id='word_1_24' title='bbox 925 933 1083 1014; x_wconf 87' lang='lat' dir='ltr'><strong>videatur,</strong></span> <span class='ocrx_word' id='word_1_25' title='bbox 1106 937 1216 1016; x_wconf 88' lang='lat' dir='ltr'><strong>postea</strong></span> <span class='ocrx_word' id='word_1_26' title='bbox 1240 932 1304 996; x_wconf 88' lang='lat' dir='ltr'><strong>dis-</strong></span> 
     </span>
     <span class='ocr_line' id='line_1_5' title="bbox 180 1045 1302 1130; baseline 0 -20"><span class='ocrx_word' id='word_1_27' title='bbox 180 1049 308 1130; x_wconf 90' lang='lat' dir='ltr'><strong>quirerc</strong></span> <span class='ocrx_word' id='word_1_28' title='bbox 343 1047 533 1112; x_wconf 82' lang='lat' dir='ltr'><strong>conabimur</strong></span> <span class='ocrx_word' id='word_1_29' title='bbox 567 1066 655 1112; x_wconf 91' lang='lat' dir='ltr'><strong>nuno</strong></span> <span class='ocrx_word' id='word_1_30' title='bbox 691 1048 731 1112; x_wconf 91' lang='lat' dir='ltr'><strong>de</strong></span> <span class='ocrx_word' id='word_1_31' title='bbox 766 1048 828 1112; x_wconf 86' lang='lat' dir='ltr'><strong>alia</strong></span> <span class='ocrx_word' id='word_1_32' title='bbox 858 1065 893 1111; x_wconf 89' lang='lat' dir='ltr'><strong>re</strong></span> <span class='ocrx_word' id='word_1_33' title='bbox 924 1048 1035 1111; x_wconf 85' lang='lat' dir='ltr'><strong>acturi.</strong></span> <span class='ocrx_word' id='word_1_34' title='bbox 1071 1045 1149 1110; x_wconf 86' lang='lat' dir='ltr'><strong>Dux</strong></span> <span class='ocrx_word' id='word_1_35' title='bbox 1181 1051 1302 1110; x_wconf 87' lang='lat' dir='ltr'><strong>tractus</strong></span> 
     </span>
     <span class='ocr_line' id='line_1_6' title="bbox 179 1158 1304 1242; baseline -0.001 -19"><span class='ocrx_word' id='word_1_36' title='bbox 179 1161 384 1223; x_wconf 89' lang='lat' dir='ltr'><strong>Armoricani</strong></span> <span class='ocrx_word' id='word_1_37' title='bbox 411 1179 486 1224; x_wconf 90' lang='lat' dir='ltr'><strong>oum</strong></span> <span class='ocrx_word' id='word_1_38' title='bbox 511 1165 674 1242; x_wconf 86' lang='lat' dir='ltr'><strong>tractatur,</strong></span> <span class='ocrx_word' id='word_1_39' title='bbox 697 1161 790 1225; x_wconf 89' lang='lat' dir='ltr'><strong>etiam</strong></span> <span class='ocrx_word' id='word_1_40' title='bbox 815 1159 912 1225; x_wconf 85' lang='lat' dir='ltr'><strong>verba</strong></span> <span class='ocrx_word' id='word_1_41' title='bbox 939 1159 1050 1241; x_wconf 83' lang='lat' dir='ltr'><strong>„Litus</strong></span> <span class='ocrx_word' id='word_1_42' title='bbox 1073 1158 1304 1224; x_wconf 82' lang='lat' dir='ltr'><strong>Saxonioiani‘&#39;</strong></span> 
     </span>
     <span class='ocr_line' id='line_1_7' title="bbox 179 1274 1304 1358; baseline 0.003 -22"><span class='ocrx_word' id='word_1_43' title='bbox 179 1275 319 1356; x_wconf 87' lang='lat' dir='ltr'><strong>legimus</strong></span> <span class='ocrx_word' id='word_1_44' title='bbox 343 1276 485 1358; x_wconf 89' lang='lat' dir='ltr'><strong>itemque</strong></span> <span class='ocrx_word' id='word_1_45' title='bbox 504 1274 565 1338; x_wconf 93' lang='lat' dir='ltr'><strong>sub</strong></span> <span class='ocrx_word' id='word_1_46' title='bbox 585 1275 796 1358; x_wconf 81' lang='lat' dir='ltr'><strong>dispositione</strong></span> <span class='ocrx_word' id='word_1_47' title='bbox 809 1275 868 1338; x_wconf 85' lang='lat' dir='ltr'><strong>riri</strong></span> <span class='ocrx_word' id='word_1_48' title='bbox 882 1274 1065 1358; x_wconf 87' lang='lat' dir='ltr'><strong>spectabilis</strong></span> <span class='ocrx_word' id='word_1_49' title='bbox 1078 1275 1170 1339; x_wconf 88' lang='lat' dir='ltr'><strong>ducis</strong></span> <span class='ocrx_word' id='word_1_50' title='bbox 1181 1279 1304 1339; x_wconf 85' lang='lat' dir='ltr'><strong>tractus</strong></span> 
     </span>
     <span class='ocr_line' id='line_1_8' title="bbox 181 1386 1305 1472; baseline 0 -22"><span class='ocrx_word' id='word_1_51' title='bbox 181 1389 385 1451; x_wconf 85' lang='lat' dir='ltr'><strong>Armorioaui</strong></span> <span class='ocrx_word' id='word_1_52' title='bbox 409 1393 440 1452; x_wconf 93' lang='lat' dir='ltr'><strong>et</strong></span> <span class='ocrx_word' id='word_1_53' title='bbox 462 1386 634 1452; x_wconf 89' lang='lat' dir='ltr'><strong>Nervioani</strong></span> <span class='ocrx_word' id='word_1_54' title='bbox 658 1387 809 1452; x_wconf 89' lang='lat' dir='ltr'><strong>tribunus</strong></span> <span class='ocrx_word' id='word_1_55' title='bbox 833 1388 973 1452; x_wconf 85' lang='lat' dir='ltr'><strong>cohortis</strong></span> <span class='ocrx_word' id='word_1_56' title='bbox 996 1389 1117 1472; x_wconf 88' lang='lat' dir='ltr'><strong>primae</strong></span> <span class='ocrx_word' id='word_1_57' title='bbox 1130 1406 1232 1452; x_wconf 86' lang='lat' dir='ltr'><strong>novae</strong></span> <span class='ocrx_word' id='word_1_58' title='bbox 1245 1388 1305 1450; x_wconf 87' lang='lat' dir='ltr'><strong>Ar·</strong></span> 
     </span>
     <span class='ocr_line' id='line_1_9' title="bbox 183 1497 1304 1583; baseline -0.001 -19"><span class='ocrx_word' id='word_1_59' title='bbox 183 1503 363 1564; x_wconf 87' lang='lat' dir='ltr'><strong>morioanae</strong></span> <span class='ocrx_word' id='word_1_60' title='bbox 397 1507 455 1583; x_wconf 93' lang='lat' dir='ltr'><strong>est,</strong></span> <span class='ocrx_word' id='word_1_61' title='bbox 486 1500 661 1565; x_wconf 84' lang='lat' dir='ltr'><strong>Grannono</strong></span> <span class='ocrx_word' id='word_1_62' title='bbox 690 1503 724 1568; x_wconf 92' lang='lat' dir='ltr'><strong>iu</strong></span> <span class='ocrx_word' id='word_1_63' title='bbox 750 1497 1208 1580; x_wconf 81' lang='lat' dir='ltr'><strong>litoreSaxonic01).Itidem</strong></span> <span class='ocrx_word' id='word_1_64' title='bbox 1235 1501 1304 1564; x_wconf 85' lang='lat' dir='ltr'><strong>dux</strong></span> 
     </span>
     <span class='ocr_line' id='line_1_10' title="bbox 180 1613 1305 1698; baseline 0.001 -22"><span class='ocrx_word' id='word_1_65' title='bbox 180 1613 330 1698; x_wconf 80' lang='lat' dir='ltr'><strong>Belgicae</strong></span> <span class='ocrx_word' id='word_1_66' title='bbox 354 1615 514 1678; x_wconf 92' lang='lat' dir='ltr'><strong>secundae</strong></span> <span class='ocrx_word' id='word_1_67' title='bbox 537 1615 622 1678; x_wconf 88' lang='lat' dir='ltr'><strong>litori</strong></span> <span class='ocrx_word' id='word_1_68' title='bbox 646 1614 805 1678; x_wconf 83' lang='lat' dir='ltr'><strong>Saxonioo</strong></span> <span class='ocrx_word' id='word_1_69' title='bbox 829 1619 965 1698; x_wconf 89' lang='lat' dir='ltr'><strong>praeest,</strong></span> <span class='ocrx_word' id='word_1_70' title='bbox 979 1623 1010 1677; x_wconf 87' lang='lat' dir='ltr'><strong>et</strong></span> <span class='ocrx_word' id='word_1_71' title='bbox 1022 1613 1084 1677; x_wconf 91' lang='lat' dir='ltr'><strong>sub</strong></span> <span class='ocrx_word' id='word_1_72' title='bbox 1097 1613 1305 1698; x_wconf 88' lang='lat' dir='ltr'><strong>dispositione</strong></span> 
     </span>
     <span class='ocr_line' id='line_1_11' title="bbox 183 1726 1306 1811; baseline 0.002 -21"><span class='ocrx_word' id='word_1_73' title='bbox 183 1729 243 1791; x_wconf 90' lang='lat' dir='ltr'><strong>viri</strong></span> <span class='ocrx_word' id='word_1_74' title='bbox 277 1727 460 1810; x_wconf 85' lang='lat' dir='ltr'><strong>spectabilis</strong></span> <span class='ocrx_word' id='word_1_75' title='bbox 495 1728 587 1791; x_wconf 92' lang='lat' dir='ltr'><strong>ducis</strong></span> <span class='ocrx_word' id='word_1_76' title='bbox 623 1726 770 1811; x_wconf 84' lang='lat' dir='ltr'><strong>Belgicae</strong></span> <span class='ocrx_word' id='word_1_77' title='bbox 800 1728 961 1791; x_wconf 85' lang='lat' dir='ltr'><strong>secundae</strong></span> <span class='ocrx_word' id='word_1_78' title='bbox 991 1728 1115 1811; x_wconf 91' lang='lat' dir='ltr'><strong>equites</strong></span> <span class='ocrx_word' id='word_1_79' title='bbox 1140 1726 1306 1792; x_wconf 83' lang='lat' dir='ltr'><strong>Dalmatae</strong></span> 
     </span>
     <span class='ocr_line' id='line_1_12' title="bbox 182 1839 1305 1921; baseline 0 -16"><span class='ocrx_word' id='word_1_80' title='bbox 182 1859 252 1905; x_wconf 91' lang='lat' dir='ltr'><strong>esse</strong></span> <span class='ocrx_word' id='word_1_81' title='bbox 276 1840 429 1905; x_wconf 90' lang='lat' dir='ltr'><strong>dicuutur</strong></span> <span class='ocrx_word' id='word_1_82' title='bbox 450 1842 483 1905; x_wconf 92' lang='lat' dir='ltr'><strong>iu</strong></span> <span class='ocrx_word' id='word_1_83' title='bbox 507 1842 602 1905; x_wconf 84' lang='lat' dir='ltr'><strong>litore</strong></span> <span class='ocrx_word' id='word_1_84' title='bbox 624 1841 784 1905; x_wconf 77' lang='lat' dir='ltr'><strong>Saronico</strong></span> <span class='ocrx_word' id='word_1_85' title='bbox 798 1840 828 1921; x_wconf 74' lang='grc'><strong>’).</strong></span> <span class='ocrx_word' id='word_1_86' title='bbox 853 1839 942 1905; x_wconf 92' lang='lat' dir='ltr'><strong>Inter</strong></span> <span class='ocrx_word' id='word_1_87' title='bbox 953 1843 1086 1905; x_wconf 86' lang='lat' dir='ltr'><strong>comites</strong></span> <span class='ocrx_word' id='word_1_88' title='bbox 1099 1843 1144 1905; x_wconf 92' lang='lat' dir='ltr'><strong>rei</strong></span> <span class='ocrx_word' id='word_1_89' title='bbox 1158 1841 1305 1905; x_wconf 86' lang='lat' dir='ltr'><strong>militaris</strong></span> 
     </span>
     <span class='ocr_line' id='line_1_13' title="bbox 182 1952 1303 2038; baseline 0 -20"><span class='ocrx_word' id='word_1_90' title='bbox 182 1960 213 2018; x_wconf 88' lang='lat' dir='ltr'><strong>ot</strong></span> <span class='ocrx_word' id='word_1_91' title='bbox 236 1972 343 2018; x_wconf 91' lang='lat' dir='ltr'><strong>comes</strong></span> <span class='ocrx_word' id='word_1_92' title='bbox 366 1955 468 2018; x_wconf 89' lang='lat' dir='ltr'><strong>litoris</strong></span> <span class='ocrx_word' id='word_1_93' title='bbox 492 1952 644 2019; x_wconf 84' lang='lat' dir='ltr'><strong>Saxonioi</strong></span> <span class='ocrx_word' id='word_1_94' title='bbox 668 1973 724 2038; x_wconf 91' lang='lat' dir='ltr'><strong>per</strong></span> <span class='ocrx_word' id='word_1_95' title='bbox 747 1952 932 2019; x_wconf 89' lang='lat' dir='ltr'><strong>Britannias</strong></span> <span class='ocrx_word' id='word_1_96' title='bbox 955 1953 1303 2038; x_wconf 79' lang='lat' dir='ltr'><strong>occurrit⁸),quiidem</strong></span> 
     </span>
     <span class='ocr_line' id='line_1_14' title="bbox 182 2065 1306 2152; baseline 0.002 -22"><span class='ocrx_word' id='word_1_97' title='bbox 182 2066 243 2130; x_wconf 91' lang='lat' dir='ltr'><strong>sub</strong></span> <span class='ocrx_word' id='word_1_98' title='bbox 268 2067 476 2150; x_wconf 87' lang='lat' dir='ltr'><strong>dispositione</strong></span> <span class='ocrx_word' id='word_1_99' title='bbox 500 2068 644 2151; x_wconf 86' lang='lat' dir='ltr'><strong>magistri</strong></span> <span class='ocrx_word' id='word_1_100' title='bbox 668 2067 811 2151; x_wconf 87' lang='lat' dir='ltr'><strong>peditum</strong></span> <span class='ocrx_word' id='word_1_101' title='bbox 836 2067 1044 2152; x_wconf 89' lang='lat' dir='ltr'><strong>praesentalis</strong></span> <span class='ocrx_word' id='word_1_102' title='bbox 1067 2074 1115 2132; x_wconf 92' lang='lat' dir='ltr'><strong>est</strong></span> <span class='ocrx_word' id='word_1_103' title='bbox 1129 2065 1162 2149; x_wconf 81' lang='lat'><strong>⁴),</strong></span> <span class='ocrx_word' id='word_1_104' title='bbox 1181 2086 1306 2151; x_wconf 92' lang='lat' dir='ltr'><strong>suoque</strong></span> 
     </span>
     <span class='ocr_line' id='line_1_15' title="bbox 182 2177 1386 2264; baseline 0.002 -22"><span class='ocrx_word' id='word_1_105' title='bbox 182 2180 252 2242; x_wconf 90' lang='lat' dir='ltr'><strong>loco</strong></span> <span class='ocrx_word' id='word_1_106' title='bbox 276 2199 348 2244; x_wconf 90' lang='lat' dir='ltr'><strong>cum</strong></span> <span class='ocrx_word' id='word_1_107' title='bbox 373 2182 473 2263; x_wconf 90' lang='lat' dir='ltr'><strong>copiis</strong></span> <span class='ocrx_word' id='word_1_108' title='bbox 496 2186 528 2245; x_wconf 89' lang='lat' dir='ltr'><strong>et</strong></span> <span class='ocrx_word' id='word_1_109' title='bbox 550 2179 656 2244; x_wconf 88' lang='lat' dir='ltr'><strong>officio</strong></span> <span class='ocrx_word' id='word_1_110' title='bbox 680 2177 994 2257; x_wconf 68' lang='lat' dir='ltr'><strong>commemoraturil.</strong></span> <span class='ocrx_word' id='word_1_111' title='bbox 1018 2179 1097 2244; x_wconf 85' lang='lat' dir='ltr'><strong>Pars</strong></span> <span class='ocrx_word' id='word_1_112' title='bbox 1120 2181 1306 2264; x_wconf 88' lang='lat' dir='ltr'><strong>igiturorae</strong></span> <span class='ocrx_word' id='word_1_113' title='bbox 1382 2202 1386 2212; x_wconf 84' lang='grc'><strong>’</strong></span> 
     </span>
     <span class='ocr_line' id='line_1_16' title="bbox 184 2291 1305 2378; baseline 0.002 -21"><span class='ocrx_word' id='word_1_114' title='bbox 184 2294 362 2358; x_wconf 87' lang='lat' dir='ltr'><strong>maritimae</strong></span> <span class='ocrx_word' id='word_1_115' title='bbox 397 2295 430 2357; x_wconf 91' lang='lat' dir='ltr'><strong>in</strong></span> <span class='ocrx_word' id='word_1_116' title='bbox 466 2293 568 2358; x_wconf 86' lang='lat' dir='ltr'><strong>Gallia</strong></span> <span class='ocrx_word' id='word_1_117' title='bbox 582 2291 614 2376; x_wconf 66' lang='grc' dir='ltr'><strong>θ),</strong></span> <span class='ocrx_word' id='word_1_118' title='bbox 649 2293 789 2378; x_wconf 84' lang='lat' dir='ltr'><strong>Belgica,</strong></span> <span class='ocrx_word' id='word_1_119' title='bbox 823 2293 1000 2376; x_wconf 87' lang='lat' dir='ltr'><strong>Britannia,</strong></span> <span class='ocrx_word' id='word_1_120' title='bbox 1035 2297 1165 2359; x_wconf 91' lang='lat' dir='ltr'><strong>nomine</strong></span> <span class='ocrx_word' id='word_1_121' title='bbox 1202 2295 1305 2359; x_wconf 80' lang='lat' dir='ltr'><strong>litorIs</strong></span> 
     </span>
     <span class='ocr_line' id='line_1_17' title="bbox 183 2405 1304 2492; baseline 0.002 -22"><span class='ocrx_word' id='word_1_122' title='bbox 183 2405 335 2470; x_wconf 83' lang='lat' dir='ltr'><strong>Saxonioi</strong></span> <span class='ocrx_word' id='word_1_123' title='bbox 366 2406 586 2489; x_wconf 90' lang='lat' dir='ltr'><strong>appellabatur</strong></span> <span class='ocrx_word' id='word_1_124' title='bbox 616 2407 715 2490; x_wconf 90' lang='lat' dir='ltr'><strong>idque</strong></span> <span class='ocrx_word' id='word_1_125' title='bbox 746 2425 783 2472; x_wconf 90' lang='lat' dir='ltr'><strong>eo</strong></span> <span class='ocrx_word' id='word_1_126' title='bbox 804 2409 869 2490; x_wconf 87' lang='lat' dir='ltr'><strong>jam</strong></span> <span class='ocrx_word' id='word_1_127' title='bbox 894 2412 1045 2492; x_wconf 91' lang='lat' dir='ltr'><strong>tempore,</strong></span> <span class='ocrx_word' id='word_1_128' title='bbox 1069 2427 1133 2492; x_wconf 92' lang='lat' dir='ltr'><strong>quo</strong></span> <span class='ocrx_word' id='word_1_129' title='bbox 1157 2410 1304 2492; x_wconf 91' lang='lat' dir='ltr'><strong>regiones</strong></span> 
     </span>
     <span class='ocr_line' id='line_1_18' title="bbox 182 2519 1304 2606; baseline 0.003 -24"><span class='ocrx_word' id='word_1_130' title='bbox 182 2521 257 2584; x_wconf 91' lang='lat' dir='ltr'><strong>illae</strong></span> <span class='ocrx_word' id='word_1_131' title='bbox 279 2540 297 2583; x_wconf 90' lang='lat' dir='ltr'><strong>a</strong></span> <span class='ocrx_word' id='word_1_132' title='bbox 319 2519 474 2585; x_wconf 90' lang='lat' dir='ltr'><strong>Romanis</strong></span> <span class='ocrx_word' id='word_1_133' title='bbox 497 2522 663 2585; x_wconf 88' lang='lat' dir='ltr'><strong>etiamtum</strong></span> <span class='ocrx_word' id='word_1_134' title='bbox 687 2527 861 2606; x_wconf 88' lang='lat' dir='ltr'><strong>occupatae</strong></span> <span class='ocrx_word' id='word_1_135' title='bbox 884 2521 1085 2586; x_wconf 89' lang='lat' dir='ltr'><strong>tenebantur.</strong></span> <span class='ocrx_word' id='word_1_136' title='bbox 1109 2520 1174 2585; x_wconf 84' lang='lat' dir='ltr'><strong>Cur</strong></span> <span class='ocrx_word' id='word_1_137' title='bbox 1197 2527 1304 2586; x_wconf 88' lang='lat' dir='ltr'><strong>autem</strong></span> 
     </span>
     <span class='ocr_line' id='line_1_19' title="bbox 183 2633 1303 2711; baseline 0.004 -15"><span class='ocrx_word' id='word_1_138' title='bbox 183 2634 243 2697; x_wconf 91' lang='lat' dir='ltr'><strong>hoc</strong></span> <span class='ocrx_word' id='word_1_139' title='bbox 277 2635 407 2698; x_wconf 89' lang='lat' dir='ltr'><strong>nomine</strong></span> <span class='ocrx_word' id='word_1_140' title='bbox 437 2633 634 2699; x_wconf 78' lang='lat' dir='ltr'><strong>utebantur?</strong></span> <span class='ocrx_word' id='word_1_141' title='bbox 667 2633 748 2711; x_wconf 81' lang='lat' dir='ltr'><strong>Quia</strong></span> <span class='ocrx_word' id='word_1_142' title='bbox 779 2635 857 2700; x_wconf 90' lang='lat' dir='ltr'><strong>litus</strong></span> <span class='ocrx_word' id='word_1_143' title='bbox 891 2635 972 2700; x_wconf 92' lang='lat' dir='ltr'><strong>illud</strong></span> <span class='ocrx_word' id='word_1_144' title='bbox 994 2635 1115 2700; x_wconf 88' lang='lat' dir='ltr'><strong>crebris</strong></span> <span class='ocrx_word' id='word_1_145' title='bbox 1138 2635 1303 2700; x_wconf 86' lang='lat' dir='ltr'><strong>Saxonum</strong></span> 
     </span>
     <span class='ocr_line' id='line_1_20' title="bbox 182 2748 1305 2834; baseline 0.004 -24"><span class='ocrx_word' id='word_1_146' title='bbox 182 2748 423 2813; x_wconf 89' lang='lat' dir='ltr'><strong>incursionibus</strong></span> <span class='ocrx_word' id='word_1_147' title='bbox 458 2749 645 2832; x_wconf 85' lang='lat' dir='ltr'><strong>vexabatur,</strong></span> <span class='ocrx_word' id='word_1_148' title='bbox 668 2750 722 2813; x_wconf 90' lang='lat' dir='ltr'><strong>alii</strong></span> <span class='ocrx_word' id='word_1_149' title='bbox 746 2750 958 2834; x_wconf 90' lang='lat' dir='ltr'><strong>rsspoudcut;</strong></span> <span class='ocrx_word' id='word_1_150' title='bbox 980 2751 1055 2833; x_wconf 91' lang='lat' dir='ltr'><strong>quia</strong></span> <span class='ocrx_word' id='word_1_151' title='bbox 1079 2770 1097 2813; x_wconf 89' lang='lat' dir='ltr'><strong>a</strong></span> <span class='ocrx_word' id='word_1_152' title='bbox 1120 2748 1305 2815; x_wconf 74' lang='lat' dir='ltr'><strong>Senonibus</strong></span> 
     </span>
     <span class='ocr_line' id='line_1_21' title="bbox 182 2863 1305 2949; baseline 0.005 -25"><span class='ocrx_word' id='word_1_153' title='bbox 182 2867 373 2943; x_wconf 86' lang='lat' dir='ltr'><strong>occupatum</strong></span> <span class='ocrx_word' id='word_1_154' title='bbox 410 2868 485 2944; x_wconf 86' lang='lat' dir='ltr'><strong>arat,</strong></span> <span class='ocrx_word' id='word_1_155' title='bbox 517 2863 580 2927; x_wconf 92' lang='lat' dir='ltr'><strong>alii.</strong></span> <span class='ocrx_word' id='word_1_156' title='bbox 605 2863 678 2927; x_wconf 89' lang='lat' dir='ltr'><strong>Utri</strong></span> <span class='ocrx_word' id='word_1_157' title='bbox 700 2869 786 2928; x_wconf 89' lang='lat' dir='ltr'><strong>recte</strong></span> <span class='ocrx_word' id='word_1_158' title='bbox 808 2882 849 2928; x_wconf 87' lang='lat' dir='ltr'><strong>ex</strong></span> <span class='ocrx_word' id='word_1_159' title='bbox 872 2865 951 2947; x_wconf 92' lang='lat' dir='ltr'><strong>ipsis</strong></span> <span class='ocrx_word' id='word_1_160' title='bbox 974 2864 1054 2928; x_wconf 89' lang='lat' dir='ltr'><strong>locis</strong></span> <span class='ocrx_word' id='word_1_161' title='bbox 1077 2883 1142 2927; x_wconf 91' lang='lat' dir='ltr'><strong>non</strong></span> <span class='ocrx_word' id='word_1_162' title='bbox 1167 2869 1305 2949; x_wconf 85' lang='lat' dir='ltr'><strong>apparet,</strong></span> 
     </span>
     <span class='ocr_line' id='line_1_22' title="bbox 183 2975 1305 3063; baseline 0.001 -23"><span class='ocrx_word' id='word_1_163' title='bbox 183 2975 239 3040; x_wconf 91' lang='lat' dir='ltr'><strong>sed</strong></span> <span class='ocrx_word' id='word_1_164' title='bbox 263 2976 321 3040; x_wconf 93' lang='lat' dir='ltr'><strong>hos</strong></span> <span class='ocrx_word' id='word_1_165' title='bbox 344 2996 458 3041; x_wconf 84' lang='lat' dir='ltr'><strong>rerum</strong></span> <span class='ocrx_word' id='word_1_166' title='bbox 483 2978 604 3042; x_wconf 85' lang='lat' dir='ltr'><strong>vidisse</strong></span> <span class='ocrx_word' id='word_1_167' title='bbox 627 2997 668 3042; x_wconf 86' lang='lat' dir='ltr'><strong>ex</strong></span> <span class='ocrx_word' id='word_1_168' title='bbox 692 2977 818 3042; x_wconf 88' lang='lat' dir='ltr'><strong>duabus</strong></span> <span class='ocrx_word' id='word_1_169' title='bbox 842 2977 940 3043; x_wconf 91' lang='lat' dir='ltr'><strong>rebus</strong></span> <span class='ocrx_word' id='word_1_170' title='bbox 963 2979 1154 3063; x_wconf 83' lang='lat' dir='ltr'><strong>suspiceris3</strong></span> <span class='ocrx_word' id='word_1_171' title='bbox 1180 2984 1210 3043; x_wconf 88' lang='lat' dir='ltr'><strong>et</strong></span> <span class='ocrx_word' id='word_1_172' title='bbox 1235 2980 1305 3062; x_wconf 91' lang='lat' dir='ltr'><strong>qui-</strong></span> 
     </span>
     <span class='ocr_line' id='line_1_23' title="bbox 183 3090 1305 3175; baseline 0.003 -22"><span class='ocrx_word' id='word_1_173' title='bbox 183 3090 255 3153; x_wconf 86' lang='lat' dir='ltr'><strong>dem</strong></span> <span class='ocrx_word' id='word_1_174' title='bbox 291 3109 331 3154; x_wconf 87' lang='lat' dir='ltr'><strong>ex</strong></span> <span class='ocrx_word' id='word_1_175' title='bbox 354 3109 401 3173; x_wconf 91' lang='lat' dir='ltr'><strong>eo,</strong></span> <span class='ocrx_word' id='word_1_176' title='bbox 426 3091 511 3174; x_wconf 90' lang='lat' dir='ltr'><strong>quod</strong></span> <span class='ocrx_word' id='word_1_177' title='bbox 535 3097 645 3175; x_wconf 89' lang='lat' dir='ltr'><strong>postea</strong></span> <span class='ocrx_word' id='word_1_178' title='bbox 668 3111 780 3156; x_wconf 89' lang='lat' dir='ltr'><strong>revera</strong></span> <span class='ocrx_word' id='word_1_179' title='bbox 803 3101 834 3156; x_wconf 89' lang='lat' dir='ltr'><strong>st</strong></span> <span class='ocrx_word' id='word_1_180' title='bbox 857 3093 895 3154; x_wconf 88' lang='lat' dir='ltr'><strong>in</strong></span> <span class='ocrx_word' id='word_1_181' title='bbox 914 3091 1082 3156; x_wconf 89' lang='lat' dir='ltr'><strong>Britannia</strong></span> <span class='ocrx_word' id='word_1_182' title='bbox 1105 3092 1203 3175; x_wconf 87' lang='lat' dir='ltr'><strong>(quod</strong></span> <span class='ocrx_word' id='word_1_183' title='bbox 1227 3095 1305 3156; x_wconf 89' lang='lat' dir='ltr'><strong>satis</strong></span> 
     </span>
     <span class='ocr_line' id='line_1_24' title="bbox 182 3202 1301 3286; baseline 0.003 -20"><span class='ocrx_word' id='word_1_184' title='bbox 182 3209 295 3267; x_wconf 90' lang='lat' dir='ltr'><strong>notum</strong></span> <span class='ocrx_word' id='word_1_185' title='bbox 321 3209 379 3285; x_wconf 84' lang='lat' dir='ltr'><strong>est)</strong></span> <span class='ocrx_word' id='word_1_186' title='bbox 404 3211 434 3269; x_wconf 89' lang='lat' dir='ltr'><strong>et</strong></span> <span class='ocrx_word' id='word_1_187' title='bbox 457 3207 491 3269; x_wconf 93' lang='lat' dir='ltr'><strong>in</strong></span> <span class='ocrx_word' id='word_1_188' title='bbox 517 3204 628 3286; x_wconf 83' lang='lat' dir='ltr'><strong>Gallia,</strong></span> <span class='ocrx_word' id='word_1_189' title='bbox 653 3205 708 3269; x_wconf 91' lang='lat' dir='ltr'><strong>ubi</strong></span> <span class='ocrx_word' id='word_1_190' title='bbox 721 3205 900 3269; x_wconf 80' lang='lat' dir='ltr'><strong>Gnosonrus</strong></span> <span class='ocrx_word' id='word_1_191' title='bbox 912 3205 1106 3269; x_wconf 77' lang='lat' dir='ltr'><strong>Turonensis</strong></span> <span class='ocrx_word' id='word_1_192' title='bbox 1119 3202 1142 3284; x_wconf 87' lang='grc'><strong>7)</strong></span> <span class='ocrx_word' id='word_1_193' title='bbox 1155 3204 1301 3269; x_wconf 83' lang='lat' dir='ltr'><strong>Saxones</strong></span> 
     </span>
     <span class='ocr_line' id='line_1_25' title="bbox 181 3317 1304 3399; baseline 0.001 -19"><span class='ocrx_word' id='word_1_194' title='bbox 181 3317 405 3399; x_wconf 88' lang='lat' dir='ltr'><strong>Bajocassinos</strong></span> <span class='ocrx_word' id='word_1_195' title='bbox 429 3321 581 3399; x_wconf 85' lang='lat' dir='ltr'><strong>nominat,</strong></span> <span class='ocrx_word' id='word_1_196' title='bbox 602 3320 694 3384; x_wconf 89' lang='lat' dir='ltr'><strong>sedes</strong></span> <span class='ocrx_word' id='word_1_197' title='bbox 714 3339 768 3384; x_wconf 93' lang='lat' dir='ltr'><strong>eos</strong></span> <span class='ocrx_word' id='word_1_198' title='bbox 781 3319 932 3384; x_wconf 88' lang='lat' dir='ltr'><strong>habuisse</strong></span> <span class='ocrx_word' id='word_1_199' title='bbox 945 3324 1077 3398; x_wconf 86' lang='lat' dir='ltr'><strong>constat,</strong></span> <span class='ocrx_word' id='word_1_200' title='bbox 1090 3318 1165 3382; x_wconf 92' lang='lat' dir='ltr'><strong>dum</strong></span> <span class='ocrx_word' id='word_1_201' title='bbox 1182 3318 1221 3382; x_wconf 93' lang='lat' dir='ltr'><strong>de</strong></span> <span class='ocrx_word' id='word_1_202' title='bbox 1234 3317 1304 3381; x_wconf 84' lang='lat' dir='ltr'><strong>Bol-</strong></span> 
     </span>
     <span class='ocr_line' id='line_1_26' title="bbox 180 3432 1304 3517; baseline 0.003 -24"><span class='ocrx_word' id='word_1_203' title='bbox 180 3433 252 3514; x_wconf 87' lang='lat' dir='ltr'><strong>gica</strong></span> <span class='ocrx_word' id='word_1_204' title='bbox 284 3432 368 3496; x_wconf 89' lang='lat' dir='ltr'><strong>idem</strong></span> <span class='ocrx_word' id='word_1_205' title='bbox 404 3432 623 3499; x_wconf 87' lang='lat' dir='ltr'><strong>demonstrare</strong></span> <span class='ocrx_word' id='word_1_206' title='bbox 646 3453 663 3498; x_wconf 90' lang='lat' dir='ltr'><strong>e</strong></span> <span class='ocrx_word' id='word_1_207' title='bbox 686 3435 798 3517; x_wconf 87' lang='lat' dir='ltr'><strong>lingua</strong></span> <span class='ocrx_word' id='word_1_208' title='bbox 822 3439 853 3497; x_wconf 88' lang='lat' dir='ltr'><strong>et</strong></span> <span class='ocrx_word' id='word_1_209' title='bbox 876 3432 1063 3496; x_wconf 90' lang='lat' dir='ltr'><strong>nominibus</strong></span> <span class='ocrx_word' id='word_1_210' title='bbox 1083 3432 1304 3516; x_wconf 87' lang='lat' dir='ltr'><strong>geographicis</strong></span> 
     </span>
    </p>
   </div>
   <div class='ocr_carea' id='block_1_3' title="bbox 183 3626 328 3634">
    <p class='ocr_par' dir='ltr' id='par_1_3' title="bbox 183 3626 328 3634">
     <span class='ocr_line' id='line_1_27' title="bbox 183 3626 328 3634; baseline 0.014 -2"><span class='ocrx_word' id='word_1_211' title='bbox 183 3626 328 3634; x_wconf 83' lang='lat'><strong>—</strong></span> 
     </span>
    </p>
   </div>
   <div class='ocr_carea' id='block_1_4' title="bbox 181 3738 1304 4536">
    <p class='ocr_par' dir='ltr' id='par_1_4' title="bbox 216 3738 603 3808">
     <span class='ocr_line' id='line_1_28' title="bbox 216 3738 603 3808; baseline 0.016 -19"><span class='ocrx_word' id='word_1_212' title='bbox 216 3739 244 3803; x_wconf 92' lang='lat' dir='ltr'><strong>l)</strong></span> <span class='ocrx_word' id='word_1_213' title='bbox 261 3738 360 3804; x_wconf 68' lang='lat' dir='ltr'><strong>occid,</strong></span> <span class='ocrx_word' id='word_1_214' title='bbox 375 3742 506 3806; x_wconf 89' lang='lat' dir='ltr'>XXXVII,</span> <span class='ocrx_word' id='word_1_215' title='bbox 522 3741 546 3808; x_wconf 70' lang='lat' dir='ltr'><strong>i,</strong></span> <span class='ocrx_word' id='word_1_216' title='bbox 562 3743 603 3795; x_wconf 78' lang='lat' dir='ltr'><strong>ll.</strong></span> 
     </span>
    </p>

    <p class='ocr_par' dir='ltr' id='par_1_5' title="bbox 214 3829 574 3898">
     <span class='ocr_line' id='line_1_29' title="bbox 214 3829 574 3898; baseline 0.019 -19"><span class='ocrx_word' id='word_1_217' title='bbox 214 3829 242 3892; x_wconf 70' lang='lat' dir='ltr'><strong>i)</strong></span> <span class='ocrx_word' id='word_1_218' title='bbox 260 3830 334 3895; x_wconf 80' lang='lat' dir='ltr'><strong>Ibid,</strong></span> <span class='ocrx_word' id='word_1_219' title='bbox 350 3832 491 3898; x_wconf 83' lang='lat' dir='ltr'>XXXVIII,</span> <span class='ocrx_word' id='word_1_220' title='bbox 508 3833 533 3897; x_wconf 85' lang='lat'><strong>3,</strong></span> <span class='ocrx_word' id='word_1_221' title='bbox 551 3835 574 3886; x_wconf 87' lang='grc'><strong>7.</strong></span> 
     </span>
    </p>

    <p class='ocr_par' dir='ltr' id='par_1_6' title="bbox 215 3920 430 3987">
     <span class='ocr_line' id='line_1_30' title="bbox 215 3920 430 3987; baseline 0.023 -17"><span class='ocrx_word' id='word_1_222' title='bbox 215 3920 243 3987; x_wconf 87' lang='grc'><strong>3)</strong></span> <span class='ocrx_word' id='word_1_223' title='bbox 261 3922 336 3986; x_wconf 78' lang='lat' dir='ltr'><strong>ibid,</strong></span> <span class='ocrx_word' id='word_1_224' title='bbox 353 3924 373 3986; x_wconf 88' lang='lat'><strong>1,</strong></span> <span class='ocrx_word' id='word_1_225' title='bbox 389 3922 430 3975; x_wconf 85' lang='grc'><strong>36.</strong></span> 
     </span>
    </p>

    <p class='ocr_par' dir='ltr' id='par_1_7' title="bbox 216 4012 456 4078">
     <span class='ocr_line' id='line_1_31' title="bbox 216 4012 456 4078; baseline 0.025 -16"><span class='ocrx_word' id='word_1_226' title='bbox 216 4012 244 4078; x_wconf 75' lang='lat' dir='ltr'><strong>l)</strong></span> <span class='ocrx_word' id='word_1_227' title='bbox 261 4014 334 4078; x_wconf 78' lang='lat' dir='ltr'><strong>ibid,</strong></span> <span class='ocrx_word' id='word_1_228' title='bbox 351 4016 381 4074; x_wconf 88' lang='lat' dir='ltr'><strong>V,</strong></span> <span class='ocrx_word' id='word_1_229' title='bbox 398 4014 456 4068; x_wconf 69' lang='lat'><strong>132.</strong></span> 
     </span>
    </p>

    <p class='ocr_par' dir='ltr' id='par_1_8' title="bbox 215 4104 471 4169">
     <span class='ocr_line' id='line_1_32' title="bbox 215 4104 471 4169; baseline 0.008 -15"><span class='ocrx_word' id='word_1_230' title='bbox 215 4104 244 4169; x_wconf 89' lang='lat'><strong>5)</strong></span> <span class='ocrx_word' id='word_1_231' title='bbox 261 4104 336 4169; x_wconf 78' lang='lat' dir='ltr'><strong>ibid,</strong></span> <span class='ocrx_word' id='word_1_232' title='bbox 354 4106 471 4157; x_wconf 91' lang='lat' dir='ltr'>XXVIII.</span> 
     </span>
    </p>

    <p class='ocr_par' dir='ltr' id='par_1_9' title="bbox 181 4195 1304 4432">
     <span class='ocr_line' id='line_1_33' title="bbox 214 4195 1304 4265; baseline 0.006 -20"><span class='ocrx_word' id='word_1_233' title='bbox 214 4195 242 4252; x_wconf 88' lang='grc'><strong>6)</strong></span> <span class='ocrx_word' id='word_1_234' title='bbox 260 4195 420 4248; x_wconf 86' lang='lat' dir='ltr'><strong>Extenditur</strong></span> <span class='ocrx_word' id='word_1_235' title='bbox 444 4203 546 4249; x_wconf 88' lang='lat' dir='ltr'><strong>tractus</strong></span> <span class='ocrx_word' id='word_1_236' title='bbox 563 4200 731 4252; x_wconf 83' lang='lat' dir='ltr'><strong>Armoricaui</strong></span> <span class='ocrx_word' id='word_1_237' title='bbox 749 4207 775 4252; x_wconf 87' lang='lat' dir='ltr'><strong>et</strong></span> <span class='ocrx_word' id='word_1_238' title='bbox 794 4201 937 4252; x_wconf 82' lang='lat' dir='ltr'><strong>Nervicani</strong></span> <span class='ocrx_word' id='word_1_239' title='bbox 955 4201 1048 4251; x_wconf 89' lang='lat' dir='ltr'><strong>limitis</strong></span> <span class='ocrx_word' id='word_1_240' title='bbox 1067 4216 1114 4265; x_wconf 87' lang='lat' dir='ltr'><strong>per·</strong></span> <span class='ocrx_word' id='word_1_241' title='bbox 1130 4202 1304 4265; x_wconf 80' lang='lat' dir='ltr'><strong>Aquitanicus</strong></span> 
     </span>
     <span class='ocr_line' id='line_1_34' title="bbox 182 4288 1304 4364; baseline 0.005 -27"><span class='ocrx_word' id='word_1_242' title='bbox 182 4288 427 4364; x_wconf 78' lang='lat' dir='ltr'><strong>Lugdunensesque</strong></span> <span class='ocrx_word' id='word_1_243' title='bbox 459 4292 609 4353; x_wconf 71' lang='lat' dir='ltr'><strong>procinctae</strong></span> <span class='ocrx_word' id='word_1_244' title='bbox 641 4293 715 4352; x_wconf 90' lang='lat' dir='ltr'><strong>(ibid.</strong></span> <span class='ocrx_word' id='word_1_245' title='bbox 740 4293 870 4356; x_wconf 87' lang='lat' dir='ltr'>XXXVII,</span> <span class='ocrx_word' id='word_1_246' title='bbox 896 4290 1021 4356; x_wconf 73' lang='lat'><strong>24-29);</strong></span> <span class='ocrx_word' id='word_1_247' title='bbox 1049 4292 1127 4355; x_wconf 84' lang='lat' dir='ltr'><strong>cujus</strong></span> <span class='ocrx_word' id='word_1_248' title='bbox 1153 4307 1214 4356; x_wconf 88' lang='lat' dir='ltr'><strong>pars</strong></span> <span class='ocrx_word' id='word_1_249' title='bbox 1239 4293 1304 4343; x_wconf 87' lang='lat' dir='ltr'><strong>litus</strong></span> 
     </span>
     <span class='ocr_line' id='line_1_35' title="bbox 181 4378 410 4432; baseline 0.009 -3"><span class='ocrx_word' id='word_1_250' title='bbox 181 4378 342 4429; x_wconf 84' lang='lat' dir='ltr'><strong>Saxonicum</strong></span> <span class='ocrx_word' id='word_1_251' title='bbox 361 4385 410 4432; x_wconf 85' lang='lat' dir='ltr'><strong>est.</strong></span> 
     </span>
    </p>

    <p class='ocr_par' dir='ltr' id='par_1_10' title="bbox 217 4470 447 4536">
     <span class='ocr_line' id='line_1_36' title="bbox 217 4470 447 4536; baseline 0 -14"><span class='ocrx_word' id='word_1_252' title='bbox 217 4472 243 4533; x_wconf 86' lang='grc'><strong>7)</strong></span> <span class='ocrx_word' id='word_1_253' title='bbox 262 4471 293 4535; x_wconf 89' lang='lat' dir='ltr'><strong>V,</strong></span> <span class='ocrx_word' id='word_1_254' title='bbox 309 4470 356 4533; x_wconf 71' lang='lat'><strong>265</strong></span> <span class='ocrx_word' id='word_1_255' title='bbox 373 4472 406 4536; x_wconf 87' lang='lat' dir='ltr'><strong>X,</strong></span> <span class='ocrx_word' id='word_1_256' title='bbox 422 4471 447 4522; x_wconf 87' lang='grc'><strong>9.</strong></span> 
     </span>
    </p>
   </div>
   <div class='ocr_carea' id='block_1_5' title="bbox 0 0 1630 5296">
    <p class='ocr_par' dir='ltr' id='par_1_11' title="bbox 0 0 1630 5296">
     <span class='ocr_line' id='line_1_37' title="bbox 0 0 1630 5296; baseline 0 0"><span class='ocrx_word' id='word_1_257' title='bbox 0 0 1630 5296; x_wconf 95' lang='lat' dir='ltr'><strong> </strong></span> 
     </span>
    </p>
   </div>
  </div>
 </body>
</html>
