3240 5304
863 545 905 614 io

320 741 459 825 pertinet
472 739 522 822 ¹))‚
549 745 709 824 proctcrco
731 738 877 804 Francos
899 739 944 804 od
960 738 1130 822 petendum
1152 758 1261 822 pacem
1283 758 1351 802 cnm
1374 757 1449 819 repe

320 853 485 918 aeumlao.

366 966 402 1030 ln
435 965 641 1031 Genethliaco
668 967 729 1030 tria
753 966 830 1030 haec
853 966 937 1031 lacta
960 969 1020 1031 hoo
1046 968 1138 1031 modo
1163 966 1445 1044 describunturh:

366 1079 538 1166 Itidemque
572 1080 620 1144 ln'c
650 1099 726 1162 pena
761 1077 956 1145 Otnihonum
992 1079 1250 1166 Hernlorumquc
1284 1080 1381 1144 deleto
1414 1087 1449 1144 et

320 1193 559 1258 transrhenano
581 1193 710 1258 victorio
733 1200 763 1258 el
786 1195 910 1259 domitia
932 1215 1080 1278 oppresso
1106 1195 1241 1260 Francis
1259 1193 1338 1258 hello
1351 1195 1447 1277 piru·

320 1307 382 1372 tica
406 1307 634 1372 Diocletianum
656 1315 796 1374 votorum
819 1316 983 1389 compotem
1006 1309 1221 1374 reddiderunt.
1337 1349 1344 1364 ·

367 1421 542 1486 Videamus
565 1442 661 1504 nuno,
686 1424 764 1507 quid
787 1443 828 1488 ex
853 1424 1005 1488 omnibns
1029 1425 1117 1488 hisee
1140 1424 1219 1488 locis
1239 1423 1322 1487 effici
1335 1424 1446 1506 possit.

320 1535 443 1616 Franci,
466 1557 484 1600 a
508 1536 646 1602 Gallieni
666 1538 865 1621 temporibus
889 1538 1015 1622 imperii
1036 1538 1174 1617 finitimi,
1187 1535 1344 1620 usquead
1357 1553 1448 1598 mare

320 1649 401 1714 fines
423 1670 500 1714 suos
523 1650 745 1716 extenderunt.
770 1651 901 1734 Imperii
924 1655 1079 1715 terminos
1100 1671 1155 1716 eos
1174 1651 1335 1715 habitasse
1347 1652 1446 1712 etiam

321 1782 362 1827 ex
396 1783 434 1828 eo
468 1766 626 1848 sequitur,
662 1765 749 1848 qnod
785 1785 860 1829 oum
898 1784 973 1848 rege
1008 1784 1117 1849 paoem
1154 1770 1276 1849 petunt,
1302 1764 1334 1826 id
1358 1762 1447 1846 quod

321 1899 385 1943 non
410 1879 571 1960 fecissent,
602 1880 664 1942 nisi
692 1899 791 1964 prope
815 1880 854 1944 ab
881 1880 1077 1944 exercitibus
1101 1879 1254 1943 Romanis
1278 1878 1447 1955 abessent3

323 1991 438 2055 deinde
471 1994 534 2075 ipsi
568 1992 624 2073 illi,
661 1995 717 2076 qui
753 2013 862 2076 paoem
897 1995 1024 2077 petiere,
1054 1994 1149 2057 iidem
1176 1998 1310 2057 santae
1332 1993 1365 2070 ii,
1389 1991 1447 2073 qui

323 2108 422 2169 maria
457 2112 488 2170 et
523 2107 629 2169 littora
664 2106 903 2186 infestaverant,
936 2127 1010 2171 uam
1046 2106 1178 2170 Francis
1211 2106 1340 2170 domitis
1364 2103 1449 2168 bella

322 2239 474 2305 oppressa
509 2221 664 2284 dicuntur
686 2223 827 2304 piratica.
851 2220 949 2286 Hisce
973 2222 1139 2305 perpensis
1158 2220 1300 2285 dubitari
1323 2219 1449 2302 nequit,

322 2333 378 2397 ubi
413 2333 616 2416 potissimum
652 2335 743 2398 sedes
779 2335 979 2417 quaerendae
1015 2337 1080 2398 sint
1110 2333 1325 2398 Francorum:
1350 2331 1447 2395 Unus

322 2446 545 2511 tantummodo
578 2453 627 2512 est
658 2448 756 2528 locus,
793 2447 847 2510 ubi
878 2457 910 2512 et
941 2467 1038 2532 prope
1062 2469 1079 2512 a
1104 2447 1278 2532 paludibus
1302 2445 1448 2510 habitant

322 2567 354 2625 et
386 2563 420 2624 in
452 2562 658 2644 proximitate
688 2563 814 2645 imperii
838 2561 974 2626 Romani
997 2570 1029 2626 et
1049 2581 1153 2646 usque
1176 2563 1215 2626 ad
1239 2581 1327 2625 oram
1352 2561 1446 2624 mari·

321 2675 450 2738 timum:
492 2675 629 2738 insulam
668 2676 739 2739 dieo
774 2675 967 2740 Batavorum
1004 2684 1035 2741 et
1069 2678 1232 2760 regionem
1266 2676 1445 2739 finitimam.

323 2786 468 2863 Quocum
506 2791 625 2872 optime
659 2791 818 2870 convenit,
853 2791 939 2872 quod
971 2789 1165 2854 Batavorum
1197 2791 1304 2872 gentis
1326 2806 1444 2851 nomeu

322 2909 433 2985 postea
466 2922 530 2966 non
566 2903 704 2986 amplius
732 2911 1017 2982 commemoratur3
1040 2905 1148 2968 insula
1172 2904 1301 2988 quidem
1327 2921 1445 2966 nomeu

321 3018 490 3099 antiquum
528 3024 720 3098 servaverat,
754 3018 824 3100 ipse
855 3018 993 3101 populus
1025 3038 1204 3101 numquam
1228 3023 1260 3082 et
1283 3036 1444 3099 nusquam

324 3133 509 3194 nominatur
527 3130 603 3194 inde
627 3129 666 3195 ab
690 3149 737 3211 eo,
761 3131 801 3194 de
826 3152 890 3215 quo
914 3134 1050 3215 agimus,
1073 3139 1225 3216 tempore.
1248 3130 1330 3195 Nam
1345 3149 1446 3212 exeo,

288 3329 292 3336 ι
323 3244 408 3328 quod
437 3244 610 3308 identidem
642 3247 675 3307 in
707 3245 902 3310 exercitibus
925 3245 1081 3310 Romanis
1107 3245 1263 3328 „Batavi”
1286 3245 1446 3330 stipendia

324 3378 445 3424 merere
479 3359 642 3435 dicuntur,
673 3358 754 3421 nihil
778 3358 860 3422 effici
884 3366 989 3443 potest
1012 3360 1051 3424 de
1074 3361 1145 3443 ipso
1168 3359 1365 3423 Batavorum
1390 3377 1444 3442 po-

323 3473 408 3556 pulo,
439 3472 516 3555 quia
546 3472 656 3555 copiae
679 3472 854 3536 auxiliares
879 3473 965 3556 quod
989 3475 1092 3557 primo
1115 3479 1303 3557 acceperant
1326 3491 1445 3536 nomen

323 3605 450 3670 semper
480 3585 661 3668 servabant,
695 3587 822 3650 etiamsi
859 3587 969 3651 nullus
999 3589 1033 3650 in
1064 3588 1104 3650 iis
1128 3587 1329 3652 inveniretur
1353 3587 1446 3650 miles

323 3699 481 3764 oriundus
505 3717 522 3762 e
544 3705 648 3782 geute,
673 3719 755 3783 quae
767 3719 883 3764 nomen
898 3700 1020 3764 cohorti
1035 3701 1085 3765 vel
1098 3701 1167 3765 alae
1181 3701 1231 3764 vel
1245 3720 1380 3764 numero
1393 3701 1446 3765 de·

323 3814 422 3894 derat,
439 3812 473 3875 id
490 3812 577 3895 quod
589 3818 662 3895 post
674 3811 844 3878 Monusnm
857 3813 1098 3897 disquisitiones
1112 3810 1135 3893 3)
1144 3815 1209 3896 jam
1223 3816 1301 3879 satis
1313 3820 1445 3879 constat.

355 4059 384 4128 1)
401 4060 488 4111 Etiam
505 4074 528 4111 c.
545 4058 580 4110 lo
596 4059 806 4112 transrhenanam
825 4062 951 4113 victoriae
968 4069 1224 4116 commemorantur.

355 4151 509 4218 u)1bid.7.

356 4242 384 4308 3)
401 4242 461 4294 Vid.
486 4243 598 4293 Hermes
614 4241 656 4306 19,
674 4243 733 4306 (llio
751 4243 1076 4312 Conscriptionsordnung
1093 4247 1142 4298 der
1159 4248 1321 4300 Romischen
1338 4249 1445 4300 Kaisar-

322 4336 386 4400 zcit)
412 4350 438 4400 p.
463 4333 514 4386 210
530 4349 602 4400 sqq:
622 4335 693 4385 rhus
710 4336 771 4386 dem
788 4336 836 4386 der
853 4337 1073 4403 Auxiliartrnppe
1091 4339 1134 4390 hei
1150 4339 1225 4391 ihrer
1242 4341 1446 4408 Constituirung

323 4428 499 4494 heigelegtem
524 4426 741 4478 Ethnilrum....
769 4429 833 4494 lolgt
860 4430 950 4480 nichte
976 4431 1021 4481 liu·
1045 4431 1089 4482 die
1107 4430 1217 4484 weitere
1234 4433 1445 4502 horrueram?

324 4519 375 4587 (Gt.
393 4518 491 4571 Seeck:
509 4517 603 4570 Gesch.
619 4519 667 4570 des
685 4519 796 4587 Unterq.
813 4521 838 4574 d.
855 4527 912 4574 ant.
930 4523 1011 4588 Walt,
1029 4524 1050 4589 1,
1067 4538 1093 4590 p.
1107 4521 1178 4592 tel).

1602 4867 1612 5194 l
