3244 5296
742 537 806 600 103

212 723 249 786 de
284 722 404 806 quibus
439 742 498 787 nos
523 723 659 806 agimus,
682 725 795 805 partim
822 724 950 806 quidem
975 725 1150 807 pertinent,
1177 727 1232 790 sed
1256 728 1334 790 eivi-

214 841 312 900 tatum
348 839 473 900 tantum
498 839 630 900 nomina
654 835 817 919 praebent,
842 837 983 922 deipsis
1007 839 1135 922 populis
1158 839 1224 903 illic
1247 838 1335 903 babi-

213 949 355 1013 tentibus
395 955 503 1013 autem
546 969 610 1013 non
653 949 805 1032 referunt,
839 952 884 1014 ita
918 957 955 1016 ut
989 953 1097 1015 minus
1131 959 1240 1018 nostra
1275 954 1335 1017 boc

212 1065 345 1129 intersit.

255 1178 373 1242 Paucis
408 1180 502 1242 annis
536 1183 610 1261 post
644 1177 814 1242 Claudiani
849 1197 966 1243 versus
1001 1178 1189 1262 magnificos
1219 1200 1336 1265 magno

212 1293 333 1376 impetu
366 1293 482 1356 iterum
515 1292 548 1354 in
582 1290 703 1356 Gallias
735 1290 861 1355 barbari
894 1294 1041 1357 irruunt:
1066 1292 1206 1358 Arcadio
1235 1293 1282 1359 1⁷1
1306 1299 1337 1359 et

211 1403 315 1469 Probo
338 1403 513 1468 consulibus
536 1405 580 1483 (id
604 1410 653 1468 est
676 1424 760 1468 anno
785 1405 861 1484 406)
891 1403 1030 1469 Vandali
1052 1411 1081 1468 et
1104 1404 1205 1470 Auni
1227 1410 1333 1471 trans·

210 1517 286 1598 jecto
308 1515 419 1581 Rbeno
443 1515 569 1582 Gallias
587 1517 799 1600 intraverunt,
821 1524 856 1581 ut
868 1520 901 1581 in
915 1515 1081 1581 chronicis
1093 1519 1280 1583 invenimus
1296 1519 1332 1598 );

212 1652 284 1695 eum
310 1631 480 1696 decadem
505 1651 540 1695 re
564 1633 659 1694 etiam
685 1629 1041 1695 Gnueomrlnaounusrs
1054 1630 1289 1712 ²),Fnunuennn
1303 1631 1336 1715 ³),

213 1743 365 1808 Ssnvmnr
377 1742 401 1823 1)
436 1749 565 1808 exstant
598 1745 724 1808 indicia.
748 1743 846 1809 Teste·
861 1743 989 1807 Ruunro
1014 1744 1200 1808 Pronomae
1224 1745 1335 1810 Feren-

212 1879 283 1924 amo
297 1856 320 1938 5)
354 1857 552 1922 Francorum
581 1856 662 1921 -bello
696 1855 842 1922 laborent
881 1857 1033 1939 Vandali,
1062 1857 1237 1941 Godepisilo
1266 1880 1337 1942 repe

212 1974 382 2056 absumpto,
423 1971 488 2036 acle
530 1971 641 2055 olplnti
681 1971 781 2054 ferme
815 1970 939 2036 milibus
973 1972 1063 2055 ferro
1091 1973 1336 2054 peremptis(l);

214 2087 406 2150 Francorum
432 2087 626 2150 mentionem
651 2091 682 2149 et
706 2083 841 2149 Onosrns
864 2085 941 2149 facit
954 2083 994 2164 6);
1017 2085 1132 2150 Gentes
1149 2085 1337 2169 Alanorum,

213 2200 391 2281 Sueborum,
428 2199 647 2264 Vandaloram
683 2199 859 2286 multaeque
893 2219 962 2263 cam
997 2198 1048 2262 la's
1080 2199 1164 2264 aliae
1195 2199 1337 2264 Francos

117 2348 134 2370 ‹-
210 2320 384 2395 proterunt,
419 2313 563 2378 Rhenum
597 2317 775 2394 transeunt,
811 2311 937 2377 Gallim
967 2313 1131 2376 inuadunt.
1157 2311 1251 2378 Unde
1274 2315 1334 2378 hoc

213 2430 325 2493 saltem
349 2435 479 2510 apparet
502 2426 642 2491 Francos
665 2428 723 2490 bos
746 2433 836 2491 trans
855 2425 1004 2490 Rhenum
1026 2426 1201 2505 habitasse;
1215 2425 1335 2511 Ripua·

212 2542 277 2606 rios
300 2560 354 2605 eos
376 2541 477 2605 fuisse
502 2539 666 2623 probabile
686 2546 741 2604 est.
762 2538 835 2602 Non
856 2539 995 2623 legimus
1007 2537 1202 2603 Francorum
1217 2558 1335 2603 nomen

212 2655 296 2718 inter
329 2661 450 2738 gentes,
485 2672 566 2736 quas
602 2651 737 2715 Galliam
774 2657 900 2716 vastare
930 2650 1139 2715 Hmaonruns
1162 2671 1246 2716 anno
1270 2652 1335 2716 409

214 2769 359 2853 queritur
371 2764 410 2846 7);
436 2771 546 2830 contra
570 2772 801 2830 enumerantur
825 2765 979 2846 Saxones,
1003 2764 1118 2830 Heruli
1142 2771 1173 2829 et
1192 2767 1336 2847 quinon.

214 2884 318 2945 Annis
353 2879 563 2964 sequentibus
598 2899 671 2943 eum
707 2877 940 2943 Constantinus
971 2879 1143 2962 imperium
1174 2879 1208 2941 in
1232 2878 1336 2943 Gallis

213 2997 410 3079 arripuisset,
433 2999 465 3058 et
488 2993 645 3057 Constans
670 2999 701 3057 et
723 2992 864 3056 lovinus
887 3012 905 3055 a
929 2991 1060 3056 Francis
1084 2991 1335 3073 adJuvabantur3

212 3110 488 3192 Treverorumqne
522 3109 635 3171 civitas
660 3106 788 3171 abillis
812 3107 935 3189 direpta
957 3107 1155 3188 incensaque
1178 3102 1271 3184 estsst.
1295 3105 1337 3169 Et

214 3245 298 3289 anno
340 3225 403 3286 417
442 3221 591 3287 Oastinus
627 3221 832 3304 expeditione
866 3223 900 3283 in
935 3219 1076 3284 Francos
1112 3225 1260 3304 suscepta
1295 3221 1336 3283 ad

216 3392 358 3400 ——-—

246 3496 274 3560 1)
292 3496 369 3560 Apud
387 3495 549 3558 Prosperum
567 3498 595 3542 et
611 3492 797 3544 cassiodorum
815 3493 852 3556 (p.
870 3490 916 3541 651
939 3492 995 3556 11,).

247 3588 275 3652 1)
292 3589 324 3650 11,
341 3586 365 3636 2.

247 3680 276 3745 3)
292 3679 389 3730 Chron.
407 3679 439 3740 ll,
456 3677 497 3728 60.

249 3770 276 3835 A)
294 3771 331 3821 De
348 3769 460 3834 gubern.
478 3768 526 3818 Dei
540 3768 595 3832 Vll,
612 3766 653 3818 50.

247 3861 274 3919 5)
292 3861 367 3924 Apud
387 3859 545 3924 Gregorium
562 3859 746 3908 Turonensem
763 3857 796 3923 Il,
812 3855 836 3908 9.

248 3951 276 4015 6)
293 3952 349 4012 Vll,
366 3949 407 4009 to,
423 3949 447 4013 3,
467 3951 500 4000 cl.
519 3949 560 4010 38,
577 3949 606 4012 13
625 3948 767 3999 falsissime
785 3964 799 3998 a
817 3949 944 4013 Gregorio
962 3948 1050 4014 (ibid.)
1069 3948 1335 4010 citatur,cavendum

215 4045 298 4109 igitur
315 4048 343 4092 et
361 4042 389 4091 in
408 4042 467 4092 aliis
486 4041 551 4091 loeis
569 4041 683 4091 videtur.

248 4134 275 4200 7)
293 4135 413 4198 Epistula
439 4131 489 4182 123
514 4132 545 4180 nd
572 4131 750 4195 Ageruchiam
775 4131 806 4196 (l,
832 4129 883 4181 913
907 4146 954 4194 sq,
981 4130 1087 4194 Vtrub:
1114 4129 1246 4192 Quicquid
1264 4130 1337 4178 inter

215 4228 294 4290 Alpes
312 4231 337 4276 et
356 4226 523 4290 Pyrenaeum
541 4229 590 4286 est,
606 4223 675 4286 quod
695 4223 799 4274 Oceano
818 4228 844 4272 et
863 4223 956 4273 Rheno
974 4222 1132 4286 includitur,
1147 4220 1336 4279 QuadusVan·

214 4317 290 4366 delus
308 4317 428 4366 Sarmata
446 4315 540 4364 Halani
559 4315 673 4377 Gepides
691 4314 825 4378 Her(c)uli
844 4313 960 4364 Saxones
979 4312 1184 4377 Burgundiones
1193 4311 1336 4361 Alamanni

214 4413 241 4458 et
251 4446 257 4458 .
268 4445 274 4458 .
286 4445 307 4458 ..
326 4408 416 4457 hostes
433 4406 565 4456 Pannonii
584 4410 731 4455 vastarunt.

249 4497 277 4562 8)
295 4497 362 4548 Ren.
379 4498 450 4547 Prof.
467 4497 537 4560 Frig.
554 4497 625 4560 apud
643 4495 722 4560 Greg.
738 4495 800 4544 Tur.
818 4497 853 4546 l.l.
