3240 5304
738 489 779 552 87

199 681 233 743 in
266 679 426 744 notissimi
459 677 661 742 Chaucorum
693 677 834 742 nominis
857 677 963 742 locum
988 678 1157 760 irrepsisse
1180 673 1322 758 Quados,

200 799 269 857 tum
299 793 390 856 nulla
423 794 555 855 omnino
590 797 638 856 est
673 810 780 872 eausa,
816 809 874 854 eur
909 789 1029 856 Chauci
1063 791 1268 874 potissimum
1303 807 1321 853 e

199 904 382 970 Saxonibus
428 904 468 968 ad
503 909 618 968 terram
654 903 831 967 Romanam
868 905 958 968 missi
994 905 1068 985 sint,
1100 908 1260 987 postremo
1293 904 1321 967 si

199 1039 237 1083 eo
261 1018 355 1082 modo
381 1018 545 1100 areliqnis
557 1015 743 1080 Saxonibus
757 1015 961 1080 Chaucorum
973 1035 1054 1099 gens
1067 1035 1101 1080 sa
1114 1021 1322 1098 segregasset,

199 1152 305 1217 neque
327 1133 440 1194 civitas
464 1150 573 1194 eorum
596 1149 702 1213 neque
721 1150 837 1196 nomeu
850 1137 1016 1214 tantopere
1028 1132 1061 1193 in
1074 1129 1320 1194 desuetudinem

199 1247 308 1310 venire
332 1246 499 1329 potuisset,
522 1264 618 1327 quarn
643 1262 755 1307 revera
777 1243 898 1308 lactum
923 1263 994 1309 esse
1013 1242 1214 1322 videbimus3
1234 1263 1321 1308 unus

199 1381 218 1422 a
247 1360 361 1422 ceteris
392 1357 541 1420 diversus
572 1354 774 1420 Chaucorum
807 1357 948 1441 populus
983 1357 1199 1438 remansisset,
1233 1375 1323 1420 nuno

199 1491 275 1536 vero
297 1477 371 1555 post
393 1471 499 1533 locum
524 1469 685 1553 Spartiani
709 1489 807 1554 supra
827 1476 1008 1552 tractatum,
1027 1477 1099 1554 post
1110 1468 1321 1534 Commodum

198 1586 298 1668 igitur
331 1585 565 1666 imperatorem,
599 1583 728 1647 nonnisi
752 1583 791 1646 ab
818 1603 882 1646 uno
906 1585 1047 1648 alterove
1070 1588 1163 1667 poeta
1186 1601 1322 1648 comme·

200 1704 366 1762 morantur
400 1715 450 1760 res
486 1703 517 1760 et
551 1698 683 1759 nomina
714 1698 896 1780 antiquiora
927 1698 960 1760 in
984 1697 1108 1762 deliciis
1131 1696 1268 1761 habente
1291 1701 1323 1762 et

199 1832 257 1898 pro
291 1811 423 1875 Francis
457 1808 661 1893 Sygambros,
695 1829 752 1893 pro
776 1810 960 1875 Saxonihus
985 1809 1131 1874 Chaucos
1153 1809 1323 1875 scribente.

243 1925 364 1988 Verum
401 1923 588 2000 Quadorum
624 1924 755 1988 nomina
789 1925 823 1986 in
859 1922 958 1987 dubio
989 1925 1101 1988 relicto
1116 1921 1148 2006 ¹),
1178 1922 1322 1988 Saxones

198 2059 255 2104 eos
287 2039 389 2103 fuisse
420 2038 659 2102 demonstrasse
690 2036 783 2102 nohis
808 2038 957 2102 videmur
968 2035 994 2118 ²)
1018 2043 1049 2102 et
1072 2057 1161 2102 nnnc
1183 2038 1319 2104 fortasse

200 2154 280 2237 quid
313 2171 423 2216 revera
450 2151 472 2214 J
475 2152 583 2215 uliano
608 2149 742 2216 Caesare
765 2151 799 2213 in
824 2150 937 2214 Galliis
960 2170 1034 2215 cum
1058 2150 1202 2216 barbaris
1227 2152 1320 2217 dimi-

198 2271 292 2330 cante
314 2264 433 2328 factum
458 2267 509 2346 sit,
532 2264 718 2348 recongere
741 2283 925 2348 possumus.

242 2379 387 2442 Insulam
414 2377 610 2442 Batavorum
632 2379 699 2460 jam
722 2378 798 2443 inde
822 2398 840 2441 a
865 2377 963 2442 Probi
987 2378 1187 2462 temporibus
1210 2382 1322 2444 tenuc-

198 2499 270 2556 rant
305 2491 429 2572 Franci,
463 2493 486 2554 ii
522 2510 638 2574 nempe
673 2493 729 2575 qui
764 2511 781 2556 e
812 2498 902 2576 parte
933 2493 1176 2575 septentrionali
1202 2493 1321 2576 patriae

198 2625 286 2686 suae,
320 2608 340 2668 i.
354 2625 378 2669 e.
414 2612 525 2685 terrae,
561 2624 657 2687 quam
694 2606 874 2688 antiquitus
909 2604 1130 2668 habitaverant
1161 2603 1323 2687 Chamavi,

198 2742 217 2784 a
251 2719 435 2784 Saxouibus
470 2719 597 2802 expulsi
633 2726 732 2801 erant,
767 2725 798 2783 et
829 2721 862 2783 in
897 2721 990 2782 novis
1013 2720 1144 2784 sedibus
1167 2739 1242 2784 cum
1266 2721 1321 2783 ali-

199 2836 387 2918 quantisper
422 2834 593 2916 degissent,
624 2853 709 2897 novo
733 2833 892 2897 Saliorum
918 2835 1049 2897 nomine
1071 2833 1321 2918 appellabantur.

199 2947 278 3011 Cum
320 2954 427 3011 autem
464 2965 589 3030 semper
623 2946 705 3010 fines
740 2946 915 3010 extendere
950 2954 1142 3010 conarentur
1176 2946 1322 3011 Saxones

196 3063 325 3126 finitimi
360 3062 634 3144 septentrionales,
669 3061 724 3124 sed
759 3061 923 3125 meridiem
948 3080 1062 3125 versus
1087 3061 1322 3144 quadamtenus

199 3181 318 3259 pateret
353 3176 522 3258 imperium
559 3173 740 3238 Romanum
776 3176 961 3258 praesertim
994 3181 1067 3259 post
1098 3174 1320 3258 Magnentium

198 3292 422 3371 imperatorem
446 3295 588 3352 creatum
613 3287 765 3352 omnibus
789 3307 919 3351 sursum
945 3288 1094 3351 deorsum
1117 3289 1218 3352 versis
1236 3290 1321 3371 ipso·

199 3422 263 3486 que
286 3402 472 3466 Constantio
496 3403 645 3486 Augusto
669 3403 827 3465 invitante
853 3401 1003 3486 barbaros
1028 3403 1119 3465 utin
1145 3401 1322 3486 Magnentii

198 3524 298 3580 terras
331 3517 554 3600 irrumperent,
589 3535 684 3580 nemo
721 3517 830 3578 mirari
860 3520 974 3598 potest,
998 3515 1112 3578 sardes
1136 3534 1231 3580 aures
1256 3535 1321 3579 non

231 3712 258 3776 l)
278 3713 384 3762 Partem
412 3711 546 3762 Saxonum
572 3712 681 3762 aliunde
709 3712 827 3776 ignotam
854 3712 1007 3770 Quadorum
1035 3715 1144 3762 nomine
1162 3713 1321 3777 appellatam

198 3805 281 3855 luisse
308 3804 339 3854 H.
357 3804 499 3854 Musaeum
517 3809 558 3854 est
575 3803 664 3867 opinio
683 3803 748 3868 (Lex
768 3803 862 3866 Salica,
879 3819 904 3867 p.
921 3803 980 3866 ab:
997 3805 1129 3866 quomodo
1147 3819 1245 3854 nomen
1262 3805 1322 3855 illo-

198 3910 260 3945 rum
278 3896 306 3944 in
324 3895 396 3944 hunc
414 3895 502 3944 locum
521 3895 660 3957 irrepserit
678 3909 693 3943 a
712 3875 852 3944 Danuuius
870 3893 977 3958 (Cesch.
994 3894 1043 3944 der
1060 3894 1321 3945 Rdmeru.d.Deut·

197 3988 281 4036 schen
299 4001 342 4036 am
361 3986 538 4036 Niederrhein
557 4001 583 4049 p.
600 3983 650 4035 163
668 3986 719 4050 sq.)
736 4001 769 4035 ex
788 3986 929 4036 Ammiano
950 3985 1027 4048 XVll,
1045 3985 1078 4036 la
1097 3987 1256 4050 explicatur,
1274 3987 1321 4036 ubi

197 4078 230 4126 de
248 4076 347 4134 Quadis
365 4075 548 4139 Sarmatisque
563 4077 653 4140 agitur
671 4076 821 4140 horumque
840 4077 910 4141 regis
929 4076 1000 4126 lilius
1019 4077 1095 4126 obses
1113 4076 1202 4127 datur.

231 4167 259 4232 h)
278 4167 412 4216 Saxonum
430 4182 527 4216 nomen
546 4182 630 4231 aeque
649 4183 678 4218 ac
697 4169 861 4218 Francorum
877 4168 918 4218 his
933 4168 1099 4232 temporibus
1109 4169 1194 4233 magis
1202 4168 1234 4217 ad
1245 4169 1321 4218 sedes

197 4274 280 4324 quam
306 4259 336 4307 ad
364 4259 495 4323 originem
521 4264 641 4323 spectare
659 4261 728 4323 apud
749 4261 893 4324 scriptores
911 4261 1043 4310 Romanos
1061 4260 1155 4323 utique
1172 4262 1320 4310 tenendum

198 4355 252 4415 est;
278 4351 315 4400 ita
340 4356 370 4400 ut
389 4351 469 4400 etiam
488 4351 586 4401 Frisios
603 4351 777 4415 Chaucosque
795 4366 826 4401 eo
844 4353 952 4402 nomine
969 4352 1115 4415 appellatos
1132 4366 1190 4402 asse
1211 4356 1321 4403 conteu-

199 4441 268 4491 dcrit
287 4441 437 4492 ansnnrus
455 4442 503 4506 (ll.
520 4457 545 4504 p.
562 4441 633 4507 191).
