3244 5296
848 555 890 617 92

308 750 339 810 et
363 744 402 810 de
425 743 658 809 Chamavorum
681 749 770 828 parte
794 742 1044 826 septentrionali,
1056 741 1176 826 quibus
1189 740 1339 805 omnibus
1351 741 1431 806 locis

312 857 497 940 „Saxones”
514 857 666 938 habitant,
688 857 750 920 dici
762 862 873 940 potest
886 856 965 919 Post
977 856 1182 941 huncblocum
1196 855 1235 918 de
1247 854 1431 919 Saxonibus

310 975 408 1036 maria
438 971 665 1036 infestantibus
686 971 805 1034 multae
829 989 955 1053 semper
978 971 1132 1053 leguntur
1154 970 1301 1042 notitiam
1316 968 1431 1032 Franci

311 1105 395 1164 vero,
419 1104 558 1169 quorum
582 1085 804 1167 expeditiones
828 1084 1006 1147 maritimae
1029 1089 1170 1146 exeunte
1194 1083 1323 1146 saeculo
1337 1083 1429 1146 tertio

308 1200 441 1262 ineunte
465 1205 578 1281 quarto
603 1204 767 1280 tantopere
791 1185 1020 1275 metuerentur,
1044 1216 1221 1280 numquam
1245 1202 1355 1279 postea
1374 1215 1431 1279 per

310 1313 409 1376 maria
444 1312 550 1378 volare
573 1312 734 1390 dicuntur,
759 1331 936 1394 numquam
964 1310 1102 1374 navibus
1124 1311 1356 1373 latrocinantur
1379 1310 1432 1374 vel

309 1426 417 1490 hostes
442 1444 497 1509 per
520 1444 675 1489 oceanum
701 1425 950 1508 aggrediuntur3
976 1443 993 1488 e
1017 1424 1137 1507 quibus
1157 1429 1296 1507 apparet,
1316 1424 1432 1486 amari

310 1539 453 1604 seclusos
478 1557 532 1602 eos
551 1537 662 1619 fuisse,
674 1538 706 1600 id
721 1538 807 1620 quod
820 1539 939 1621 optime
952 1557 1024 1601 cum
1038 1539 1088 1618 iis,
1101 1538 1228 1620 quaein
1243 1537 1431 1620 praeceden-

310 1653 396 1717 tibus
421 1652 666 1735 disputavimus,
689 1654 848 1732 convenit,
868 1672 943 1715 nam
967 1651 1062 1716 Saliis
1074 1652 1220 1735 expulsis
1233 1650 1431 1714 saxonibus·

310 1785 374 1850 que
397 1765 563 1829 Bataviam
589 1764 829 1849 possidentibus
857 1785 1018 1848 nusquam
1032 1765 1084 1828 vel
1099 1765 1430 1848 quantulamcumque

310 1887 430 1964 partem
455 1899 527 1944 orae
547 1882 723 1944 maritimae
736 1879 887 1944 tenebant
898 1887 1010 1964 gentes
1022 1879 1203 1943 Francicus
1216 1879 1331 1962 Itaque
1344 1879 1431 1962 quod

311 1995 371 2058 hoo
405 1997 547 2058 Anniam
581 1996 651 2058 loco
686 2001 807 2058 tractus
831 1994 1048 2058 Gallicanost
1035 2001 1119 2057 terra
1143 1995 1289 2077 marique
1312 1993 1433 2056 violare

312 2108 459 2172 videmus
492 2107 632 2171 Francos
667 2114 698 2172 et
733 2106 877 2172 Saxones
911 2110 957 2171 ita
990 2107 1228 2194 accipiendum
1251 2112 1308 2187 est,
1343 2113 1379 2169 nt
1413 2127 1432 2168 a

310 2222 442 2286 Francia
469 2222 556 2286 solae
578 2228 755 2304 terrestres,
778 2243 796 2285 a
821 2221 1005 2286 Saxonibus
1030 2223 1201 2304 utriusque
1224 2222 1352 2303 generis
1375 2239 1433 2284 ex-

310 2336 489 2420 peditiones
513 2335 613 2401 factae
637 2338 710 2400 sint.

354 2449 505 2514 Barbaria
548 2451 747 2514 irruentibus
790 2451 906 2514 restitit
948 2449 1205 2530 Valentinianus,
1249 2467 1313 2531 quo
1349 2447 1431 2511 facto

313 2565 452 2627 maxima
489 2565 518 2628 oi
553 2583 629 2627 cura
654 2570 731 2643 erat,
755 2568 791 2626 ut
813 2565 940 2646 imperii
964 2565 1149 2627 terminos'
1141 2570 1186 2625 rte
1153 2562 1430 2642 tcommuniret,

312 2684 348 2742 ut
335 2679 509 2743 tmelius
555 2683 665 2742 contra
709 2685 820 2762 gentes
855 2677 1104 2741 transrhenanus
1136 2676 1263 2740 defendi
1293 2681 1432 2759 possent.

311 2792 455 2857 Rbcnum
485 2812 612 2871 omnem
644 2793 721 2856 haec
752 2793 837 2875 apud
869 2794 1045 2855 Aumatium
1079 2791 1216 2874 legimns
1232 2791 1262 2870 ¹),
1296 2811 1317 2853 υ
1351 2789 1433 2854 Rae·

311 2906 429 2971 tiorum
460 2905 585 2970 exordio
616 2906 659 2969 ud
688 2925 785 2990 usque
807 2906 872 2989 fret
859 2905 952 2969 talem
979 2903 1134 2970 Oceanum
1157 2905 1282 2988 mayna's
1304 2903 1435 2967 molibus

311 3020 533 3084 communiebat
520 3025 685 3083 tcastru
731 3017 878 3084 extollens
923 3018 982 3082 υἷϊ
956 3025 1018 3082 true
1053 3023 1083 3083 et
1070 3017 1242 3082 tonstallo
1268 3023 1434 3100 turresque

309 3154 367 3213 per
400 3132 516 3197 bubdas
551 3131 627 3196 locos
660 3139 688 3196 et
721 3140 1019 3216 opportunasque
1055 3131 1233 3196 Galliarum
1254 3130 1435 3195 contenditur

311 3247 485 3330 lonpitudm
511 3266 579 3311 non
601 3267 776 3333 numquam
800 3247 894 3310 etium
916 3245 950 3309 ut
951 3253 1004 3309 tra
1025 3244 1142 3324 (lumen
1163 3244 1434 3328 aedificiisposn'tis

312 3361 483 3426 subradens
514 3361 664 3425 barbaros
694 3359 781 3443 fines.
814 3360 898 3424 nt
886 3381 952 3442 Jam
987 3380 1072 3423 anno
1097 3361 1161 3422 369
1186 3358 1408 3423 Sumuaonns
1400 3377 1433 3420 1n

311 3476 506 3558 panegyrico
544 3473 696 3539 Gratiano
709 3471 734 3556 ²)
768 3475 948 3538 exclamare
972 3493 1011 3556 po
1013 3479 1092 3538 t:est
1117 3473 1248 3537 Rhenus
1270 3474 1435 3536 subcrescat

312 3588 440 3653 castella
473 3588 634 3665 Romanam
671 3609 691 3651 υ
725 3589 842 3652 nostris
875 3587 1044 3667 Alpibus
1032 3607 1067 3650 m
1090 3591 1230 3651 nostrum
1253 3586 1316 3649 enit
1341 3583 1434 3650 Ocea-

312 3722 427 3766 num..
443 3700 660 3783 ..repopulis
686 3701 831 3786 pontium
861 3703 1002 3785 captivus
1033 3705 1124 3785 urpet
1124 3721 1173 3763 ur.
1210 3699 1292 3764 Et
1284 3720 1318 3762 m
1343 3717 1436 3782 pane·

312 3818 422 3900 gyrico
446 3815 672 3880 Valentiniano
695 3835 780 3878 anno
803 3816 866 3878 370
881 3812 920 3894 Β);
945 3815 1113 3879 abortuin
1129 3812 1434 3892 Oceaniostium'pu·

311 3950 383 3993 rum
406 3929 566 4013 marpines
588 3948 715 4014 merum
738 3948 850 3992 corona
872 3929 1035 4008 praeterit

357 4046 402 4108 At
435 4063 490 4127 par
526 4045 624 4106 maria
660 4044 779 4107 violare
814 4042 933 4106 Gallias
964 4049 1102 4126 pergunt
1089 4040 1286 4105 t.Saxones
1311 4040 1432 4104 Iterum

316 4239 460 4248 .—

346 4354 373 4418 υ)
392 4354 508 4419 xxvrn,
525 4353 550 4419 a,
568 4354 590 4407 r.

346 4447 373 4511 a)
392 4446 436 4496 er.
455 4447 502 4508 111,
515 4444 542 4496 s.

347 4537 375 4603 3)
394 4537 437 4587 or.
455 4537 487 4602 n,
503 4536 545 4587 es.
