3240 5304
745 543 764 608 5

193 734 259 817 scd,
282 740 318 799 ut
340 734 539 819 intelligitur,
562 735 740 818 antiquior3
764 733 900 799 alterum
921 732 1208 798 Orroruannurm
1221 731 1315 816 „Eth-

193 850 368 934 nographie
392 849 448 912 der
466 849 714 932 germanischen
738 846 900 912 Sthmme'’
924 849 958 911 in
971 848 1071 912 Pium
1087 845 1315 930 ,Grundriss’'.

193 962 367 1027 Noluimus
401 967 509 1027 autem
545 981 743 1047 unoquoque
765 962 835 1027 loco
859 963 954 1027 hosce
976 961 1076 1027 libros
1099 962 1214 1043 citara;
1238 967 1316 1026 tunc

194 1077 309 1158 solurn,
344 1095 417 1140 cum
455 1077 562 1159 opinio
592 1080 701 1140 nostra
723 1074 763 1140 ab
786 1075 851 1139 illis
874 1075 1003 1157 recedit,
1025 1075 1187 1160 expressis
1210 1073 1318 1139 verbis

194 1189 453 1254 nominabantur.
1389 1159 1392 1166 ¹

238 1305 372 1369 Initium
396 1303 553 1367 faciamus
577 1323 595 1367 a
618 1302 759 1384 Batavis,
782 1304 900 1387 quippe
924 1301 963 1366 de
988 1301 1106 1386 quibus
1126 1301 1317 1387 plusquam

196 1420 236 1484 de
269 1419 341 1483 aliis
374 1417 525 1502 gentibus
561 1420 709 1482 sciamus.
744 1417 875 1480 Insulae
909 1435 1019 1481 eorum
1050 1415 1184 1480 Rhenus
1214 1416 1318 1480 amnis

196 1540 321 1618 tergum
346 1553 383 1596 ac
406 1533 504 1596 latera
528 1531 713 1596 circumluit
728 1529 768 1612 1);
789 1532 849 1595 hoc
871 1533 951 1615 quin
970 1533 1015 1595 ita
1027 1532 1068 1595 sit
1080 1529 1319 1614 explicandum,

197 1654 234 1712 ut
259 1669 277 1712 a
296 1652 385 1731 parte
409 1647 610 1711 meridionali
633 1667 652 1711 a
675 1645 792 1710 Vahali
814 1645 956 1727 finiatur,
978 1664 1074 1710 nemo
1098 1645 1232 1726 dubitat,
1254 1643 1318 1708 Va-

196 1763 277 1827 halis
300 1769 407 1827 autem
433 1765 585 1846 quoniam
608 1763 643 1825 in
667 1760 791 1826 Mosam
815 1761 931 1844 influit,
954 1760 1045 1825 Mosa
1064 1780 1196 1846 quoque
1210 1762 1319 1842 „insu-

196 1880 258 1942 lam
294 1877 490 1943 Batavorum
527 1876 674 1942 efficere'’
688 1877 712 1955 ⁹)
747 1878 810 1940 dici
846 1881 967 1961 potest;
1001 1894 1018 1940 a
1052 1876 1188 1939 diversis
1211 1873 1318 1938 Rheni

197 1995 286 2058 ostiis
309 1994 399 2075 illud,
423 1993 509 2077 quod
533 2012 607 2056 cum
632 1991 722 2057 Mosa
746 2010 917 2055 commune
940 1991 1043 2072 habet,
1059 1991 1161 2073 magis
1173 1989 1213 2053 ad
1226 1989 1319 2052 mori-

198 2109 280 2172 diem
316 2127 446 2172 versum
481 2107 582 2172 fuisse
616 2109 696 2171 ratio
727 2109 796 2190 ipsa
826 2107 897 2187 fert,
926 2104 1127 2190 planeidern
1150 2105 1320 2188 igiturest

200 2225 358 2307 ,spatium
384 2222 472 2288 velut
495 2223 644 2306 aequoris
667 2240 731 2306 quo
754 2221 863 2285 Mosae
885 2219 1030 2285 fluminis
1050 2239 1086 2283 os
1098 2238 1225 2284 amnem
1237 2217 1320 2282 Rhe-

197 2357 276 2401 num
313 2334 440 2400 Oceano
475 2331 681 2416 adfundit''³)
705 2355 741 2399 ac
765 2334 867 2398 Purrur
891 2333 982 2414 illud,
1008 2352 1073 2418 quo
1093 2331 1133 2396 ab
1157 2330 1321 2397 occidente

196 2453 230 2514 in
262 2470 389 2515 amnem
415 2450 537 2515 Mosam
562 2469 596 2514 se
620 2451 740 2534 spargit
763 2448 897 2514 Rhenus
909 2447 950 2528 ⁴);
976 2448 1016 2513 ab
1040 2448 1152 2512 eodem
1176 2448 1241 2511 duo
1264 2466 1319 2512 ex·
1347 2494 1350 2502 .

197 2566 313 2630 teriora
345 2564 451 2629 Rheni
485 2566 567 2629 ostia
597 2584 671 2629 cum
703 2563 870 2629 Helinium
894 2569 926 2628 et
948 2563 1084 2628 Flevum
1108 2562 1319 2646 appellentur,

197 2679 331 2744 Flevum
354 2683 462 2743 autem
488 2697 558 2743 esse
582 2680 700 2743 ostium
725 2677 983 2762 septentrionale,
1005 2695 1061 2760 per
1081 2675 1169 2760 quod
1181 2677 1215 2739 in
1228 2677 1319 2740 lacus

197 2792 379 2873 effunditur,
416 2789 544 2870 Mum)
576 2811 635 2856 nos
665 2791 786 2872 doceat,
816 2791 972 2875 sequitur,
995 2794 1031 2854 ut
1054 2788 1222 2854 Helinium
1245 2789 1319 2853 ostii

199 2906 414 2971 meridionalis
449 2907 492 2970 sit
524 2924 649 2970 nomen.
678 2904 759 2969 Tum
784 2924 888 2988 usque
911 2905 952 2969 ad
975 2903 1139 2969 Oceanum
1163 2904 1322 2989 pertinere

198 3021 338 3085 insulam
366 3021 445 3084 satis
469 3024 609 3100 constat,
637 3039 723 3084 mare
748 3017 897 3085 Oceanus
921 3038 991 3084 eam
1015 3039 1035 3082 a
1056 3019 1161 3082 fronte
1184 3020 1320 3081 circum-

198 3135 257 3199 luit
280 3139 410 3199 auctore
431 3132 543 3197 Tnorro
558 3131 590 3215 ⁶),
613 3133 689 3197 item
715 3131 847 3197 Oivilem
870 3135 1321 3214 ,circumsteteratrnetusne

199 3254 313 3331 quarta
346 3247 482 3311 decuma
515 3246 599 3330 legio
634 3245 800 3311 afflictaret
831 3245 979 3327 Batavos,
1010 3266 1074 3329 qua
1105 3242 1231 3309 Oceano
1255 3264 1320 3307 anr-

199 3359 352 3426 biuntur”
366 3357 399 3440 ⁷).
423 3359 532 3424 Minus
556 3364 678 3424 certum
703 3364 760 3441 est,
783 3358 944 3442 quomodo
967 3359 1075 3423 insula
1094 3378 1112 3422 a
1132 3358 1319 3440 septentrio·

199 3476 296 3540 nibus
339 3477 510 3540 terminata
544 3476 594 3557 sit,
629 3494 702 3537 nam
737 3475 771 3536 in
806 3475 916 3558 plures
949 3472 995 3535 ibi
1024 3469 1184 3536 defluebat
1215 3474 1320 3554 partes

204 3621 347 3630 ..---

232 3688 260 3754 l)
278 3689 337 3738 Tac.
365 3688 433 3737 Hisl.
459 3687 502 3750 lv,
518 3685 560 3751 12,
577 3687 647 3736 plut.
665 3684 734 3736 Otho
752 3683 793 3737 12.
812 3684 985 3746 Βατάβους...
1001 3681 1201 3740 aduersissimas
1218 3679 1263 3731 ὐπὸ
1281 3687 1323 3732 τοῦ

200 3778 280 3836 Ῥήνου
298 3777 463 3840 περιρεομὲνην.

231 3870 259 3935 2)
277 3870 350 3921 Caes.
376 3869 406 3920 B.
431 3868 461 3919 G.
477 3870 520 3935 IV,
537 3867 585 3933 103
602 3873 724 3919 cetarum
741 3869 816 3918 locus
833 3872 977 3930 corruptus
994 3871 1034 3915 est
1053 3871 1079 3916 el
1098 3865 1170 3914 varie
1186 3867 1322 3927 tentatus3

198 3977 229 4012 ex
248 3977 279 4011 eo
297 3961 353 4012 loco
374 3960 513 4010 rHelium’'
533 3961 615 4010 luisse
633 3959 733 4010 Scaldis
750 3960 849 4010 ostium
867 3959 1051 4007 demonstrare
1068 3960 1228 4007 conatusesl
1239 3955 1323 4008 War-

198 4067 314 4106 aaaron:
333 4054 379 4104 Die
398 4052 549 4104 Germanen
567 4053 614 4103 dee
631 4053 742 4115 Rheins,
760 4067 785 4116 p.
803 4050 844 4101 26.

232 4147 261 4208 3)
277 4148 337 4197 Tac.
356 4147 430 4209 llist,
450 4147 483 4196 ci.
501 4147 570 4196 hun.
588 4146 622 4208 Il,
638 4144 662 4194 6.

232 4239 259 4302 4)
280 4239 340 4289 Nat,
359 4238 436 4300 Hist,
450 4238 494 4299 IV,
510 4235 568 4287 101.

233 4331 259 4393 5)
277 4329 439 4392 Pomponius
458 4329 534 4392 Mela,
552 4329 597 4392 Ill,
615 4328 656 4378 al.

232 4421 259 4484 6)
278 4422 353 4485 hist,
372 4421 414 4485 lv,
433 4419 476 4471 ta.

232 4510 614 4580 DQffiQmffiffi
