3244 5296
741 475 803 538 129

198 683 220 725 a
259 661 360 726 Danis
395 662 531 745 propriis
559 658 689 725 sedibus
714 661 843 744 expulsi
867 661 932 724 sint
945 663 976 742 ¹),
1002 679 1065 724 non
1090 657 1268 741 constat⁹);
1292 663 1326 725 in

200 775 325 840 Gallias
359 775 495 839 fortasse
533 773 593 839 sub
629 774 785 856 Gallieno,
810 780 894 838 certe
920 773 981 839 sub
1006 773 1203 838 Maximiano
1230 776 1326 856 (anno

201 890 282 968 289)
305 891 461 972 impetum
483 888 598 992 fecisse
622 905 677 952 eos
701 887 850 952 vidimus.

316 1368 334 1448 ς
358 1369 387 1429 2.
433 1365 481 1430 Da
504 1365 681 1430 Britannia
704 1365 743 1431 ao
768 1365 1042 1448 Anausaaonious
1065 1372 1227 1452 occupata.

250 1553 298 1618 De
334 1553 465 1618 sedibus
489 1556 588 1638 igitur
611 1553 880 1636 Anglosaxonum
904 1554 1140 1637 antiquissimis
1160 1555 1226 1637 jam
1251 1555 1328 1619 satis

204 1674 352 1731 constare
375 1668 510 1732 videtur.
533 1666 674 1731 Tandem
698 1685 753 1730 eos
778 1667 947 1731 advenisse
972 1670 1005 1730 in
1020 1667 1219 1731 Britanniam
1233 1686 1328 1732 nemo

203 1783 315 1846 nescit.
341 1781 389 1846 De
401 1783 599 1865 quaestione,
612 1786 722 1846 utrum
736 1781 776 1844 ad
789 1783 891 1864 ripam
906 1799 1037 1864 quoque
1049 1779 1156 1844 Rheni
1167 1779 1329 1844 interioris

204 1896 419 1960 habitaverint
443 1873 552 1978 neone,
577 1895 752 1960 videndum
778 1896 845 1959 erit.
870 1893 964 1970 Quod
990 1901 1096 1960 tamen
1110 1897 1169 1960 rite
1180 1895 1251 1960 fieri
1263 1914 1328 1958 non

204 2011 330 2092 poterit,
361 2011 423 2073 nisi
451 2011 541 2094 prius
565 2009 671 2073 insius
696 2010 857 2092 egerimus
880 2008 920 2072 de
944 2009 1000 2072 illa
1024 2008 1210 2072 Britanniae
1234 2027 1327 2072 oocu-

205 2125 342 2206 patione,
372 2125 558 2206 praesertim
584 2141 649 2207 quo
674 2128 818 2206 tempore
842 2121 1090 2206 Anglosaxones
1115 2141 1152 2186 eo
1176 2139 1328 2205 pervene-

205 2239 278 2300 rint.
303 2235 350 2301 De
375 2237 433 2300 hae
458 2257 603 2302 renunc
628 2257 771 2322 agamus.

252 2349 332 2414 Cum
356 2349 586 2416 Constantinus
610 2357 770 2434 tyrannus
795 2353 828 2414 in
853 2351 1011 2434 Hispania
1031 2351 1329 2433 esset,sioZos1nus

206 2463 300 2527 nobis
324 2470 432 2528 narrat
446 2467 477 2543 ³),
503 2463 606 2528 παντα
630 2465 701 2528 κατ’
728 2461 860 2539 ἐξουσίαν
883 2462 1018 2536 έπίοντες
1041 2465 1066 2527 οἱ
1087 2463 1159 2544 ὑπὲρ
1172 2465 1221 2528 τὸν
1235 2464 1329 2536 Ῥῆνον

207 2577 365 2658 βάρβαροι,
390 2577 581 2652 κατέστησαν
605 2578 644 2651 εἷς
666 2576 801 2655 οὶνοέγκκν
823 2576 893 2651 τούς
916 2602 950 2641 τε
972 2575 1234 2658 τὴνΒρεττανικίιν
1247 2585 1330 2652 νῆσον

207 2690 359 2763 οἰκοῦντας
394 2690 445 2755 καὶ
482 2695 538 2755 τῶν
574 2693 602 2754 ε’ν
630 2697 764 2764 Κελταῖς
787 2693 868 2755 ἐθνῶν
892 2689 954 2754 ἔνια
978 2699 1033 2765 τῆς
1057 2691 1208 2769 Ῥωμαίων
1230 2693 1330 2772 οὶρχῆς

205 2804 376 2876 οὶποστῆναι
413 2804 464 2868 καὶ
501 2805 566 2868 καθ’
602 2805 696 2869 ἓαυτοὶ
728 2803 882 2882 βιοτεύειν,
907 2804 1006 2869 οὐκέτι
1031 2811 1093 2878 τοῖς
1116 2803 1228 2869 τούτων
1251 2805 1329 2867 ἕτα-

207 2915 330 2980 κούοντα
353 2916 459 2995 νόμοις.
484 2915 545 2982 οἵτε
569 2913 615 2981 οὖν
639 2924 692 2991 τῆς
714 2918 896 2999 Βρεττανίας
917 2915 1002 2983 ἔτλα
1021 2917 1152 2990 ἐνδύντες
1172 2916 1224 2981 καὶ
1244 2921 1329 2998 σφῶν

207 3031 303 3094 αὐτῶν
329 3031 634 3110 προκινδυνεύσαντες,
661 3033 858 3114 ἠλευθέρωσαν
882 3035 938 3096 τῶν
958 3030 1151 3108 ἐπικειμένων
1171 3029 1330 3110 βαρβαρων

207 3144 263 3216 τοὶς
301 3144 415 3218 πόλεις·
448 3145 498 3209 καὶ
523 3145 536 3208 ὅ
561 3145 738 3226 Ἀρμέριχος
757 3143 844 3219 ν’έπας
868 3145 919 3210 καὶ
944 3143 1041 3226 ἕτεραι
1067 3148 1215 3209 Γαλατῶν
1238 3145 1330 3225 ἐπαρ-

207 3256 277 3335 χίαι
308 3258 487 3337 Βρεττανοὺς
518 3258 731 3336 μιμησάμεναι
764 3259 847 3323 κατοὶ
869 3260 918 3324 τὸν
943 3257 1001 3324 ἴσον
1025 3261 1110 3340 σφοῖς
1133 3257 1331 3338 ἠλευθέρωσαν

208 3371 310 3452 τρόπον
331 3371 539 3450 ἐκβάλλουσαι
565 3373 619 3450 μέν
643 3372 712 3446 τοὺς
735 3372 898 3450 Ῥωμαίους
920 3370 1071 3454 ἄρχοντας
1094 3372 1193 3437 οἱκεῖον
1214 3371 1246 3434 δέ
1259 3372 1329 3435 κατ’

207 3481 339 3559 ἐξουσίαν
364 3485 539 3563 πολίτευμα
562 3487 755 3551 καθιστασαι.

251 3596 393 3663 Deiectio
427 3600 483 3662 illa
518 3599 712 3682 Britannica,
746 3601 790 3663 ita
825 3605 862 3664 ut
885 3600 1052 3683 exipsius
1078 3598 1197 3662 Zosimi
1221 3597 1328 3662 verbis

209 3731 338 3795 quoque
363 3719 501 3797 apparet,
526 3714 606 3777 nihil
630 3715 719 3778 aliud
743 3719 800 3795 est,
823 3715 886 3778 nisi
910 3714 996 3797 quod
1019 3714 1209 3777 necessitate
1228 3731 1265 3776 eo
1278 3713 1332 3776 ad·

207 3825 410 3890 ducebantur
433 3826 591 3908 Britanni,
615 3833 651 3891 ut
664 3847 722 3892 suo
736 3826 891 3891 arbitratu
906 3829 1070 3907 viverent3
1084 3825 1237 3890 Romanis
1250 3827 1333 3890 inter

207 3938 289 4002 bella
313 3940 419 4003 civilia
442 3939 637 4006 abeuntibus
660 3943 722 4025 ipsi
745 3961 780 4006 se
804 3941 973 4006 defendere
997 3943 1103 4004 eonati
1127 3944 1212 4004 sunt.
1225 3938 1329 4002 Etiam

208 4058 436 4136 usurpatorum
461 4058 562 4150 aetate
582 4057 712 4137 eJaoisse
724 4075 779 4120 eos
790 4055 953 4120 Romanos
967 4056 1172 4138 magistratus
1184 4053 1332 4136 legimus,

240 4249 267 4313 1)
287 4250 323 4300 l.l.
339 4249 487 4300 Jornandes
505 4250 562 4302 Get.
579 4251 623 4315 ΙΙΙ,
641 4250 681 4301 23.

240 4339 267 4404 t)
287 4341 325 4392 Gi.
344 4342 465 4407 Baauna,
483 4343 519 4394 ld.
537 4358 562 4407 p.
579 4341 637 4393 too.

239 4432 268 4497 3)
286 4433 330 4497 VI,
346 4433 370 4484 6.
