3244 5296
838 553 901 617 126

308 737 428 804 Chauci
464 738 556 804 Civili
580 739 779 824 opitulantur
795 739 824 821 ¹),
848 745 1007 824 postremo
1032 737 1206 804 Commodo
1228 742 1433 825 imperitante

306 857 340 918 in
365 853 525 939 Belgicam
550 855 736 938 irrumpunt
749 851 781 934 ²).
809 853 951 919 Ultimus
976 855 1027 918 hic
1051 855 1142 918 locus
1156 859 1213 936 est,
1225 854 1281 918 ubi
1295 873 1431 919 comme-

307 974 490 1048 morandum
527 973 599 1052 post
633 967 799 1032 saeculum
824 967 1003 1032 secundum
1028 968 1067 1032 de
1090 968 1207 1052 populo
1231 967 1432 1032 nobilissimo

309 1082 522 1162 „Immensum
558 1087 716 1145 terrarum
753 1083 892 1164 spatium
930 1100 995 1144 non
1019 1087 1147 1146 tenente
1170 1085 1296 1146 tantum
1321 1081 1376 1146 sed
1400 1088 1432 1146 et

306 1193 480 1277 implente''
496 1203 526 1274 ¹),
563 1194 689 1259 nullum
726 1193 861 1259 verbum
897 1198 1002 1258 exstat
1037 1196 1180 1278 exceptis
1204 1193 1378 1259 Chunorum
1400 1200 1432 1259 et

307 1306 427 1372 Sruourr
456 1309 667 1372 Aronmurms
691 1309 779 1382 locis,
802 1306 858 1372 ubi
882 1306 1083 1373 Chaucorum
1109 1328 1226 1373 nomeu
1251 1329 1308 1393 pro
1332 1308 1431 1374 Saxo·

307 1421 403 1486 nibus
426 1426 609 1505 usurpatur.

352 1534 469 1599 Contra
503 1540 571 1598 tum
608 1535 748 1615 demum,
782 1553 857 1598 cum
892 1534 932 1599 de
965 1533 1101 1599 Chaucis
1133 1537 1206 1600 silet
1229 1538 1369 1618 historia,
1393 1536 1433 1601 de

307 1647 491 1713 Saxonibus
533 1649 653 1732 primae
688 1652 864 1732 suppetunt
896 1648 1042 1729 notitiae3
1078 1649 1153 1713 inde
1189 1671 1208 1714 a
1241 1649 1431 1714 Maximiani

307 1762 506 1846 temporibus
519 1761 542 1840 4)
566 1780 681 1826 nomen
707 1780 819 1826 eorum
843 1763 984 1826 Inveniri
1006 1781 1199 1847 semperque
1221 1762 1325 1827 rodhe
1348 1764 1432 1827 iuter

306 1882 418 1959 gentes
442 1877 543 1940 maria
565 1875 754 1940 infestantes
777 1895 875 1960 snpra
899 1876 1057 1955 vidimus;
1079 1875 1334 1941 Junrsuustrans
1347 1875 1430 1940 Rhe·

307 2010 384 2054 num
421 1994 452 2054 et
487 1990 526 2053 ad
563 2009 649 2054 mare
679 1990 855 2054 occidentis
887 1990 1001 2074 degere
1033 2009 1087 2054 eos
1112 1991 1190 2056 dicit
1202 1989 1236 2074 ⁶),
1260 1992 1430 2056 Auursuus

307 2102 437 2167 Ilrancis
461 2102 604 2167 confines
627 2122 682 2167 eos
706 2121 776 2168 esse
790 2102 829 2182 6);
856 2103 975 2187 quibus
999 2124 1072 2168 cum
1097 2105 1176 2169 locis
1197 2106 1223 2169 si
1236 2104 1431 2189 conterimus

307 2236 390 2302 quae
421 2216 551 2301 praebet
589 2216 724 2282 Zosruus
748 2218 787 2282 do
810 2216 995 2282 Saxonibus
1019 2217 1122 2282 Sahos
1146 2217 1382 2301 expellentibus
1397 2215 1430 2300 7),

306 2334 455 2416 sequitur
477 2353 518 2397 ex
543 2351 580 2396 ea
602 2333 732 2416 regione
755 2333 957 2415 potissImum
983 2333 1092 2396 venire
1115 2332 1173 2396 hos
1197 2330 1351 2413 Saxones,
1374 2329 1430 2394 ubi

307 2445 425 2509 Chauci
460 2450 553 2510 autea
586 2445 815 2510 habitaverant.
847 2444 962 2529 Itaque
985 2465 1058 2510 oum
1084 2446 1164 2508 nihil
1189 2451 1301 2510 notum
1325 2447 1367 2510 sit
1391 2444 1430 2508 de

311 2558 448 2625 Chaucis
467 2558 723 2644 denigrantibus
744 2561 796 2624 vel
821 2559 903 2624 bello
927 2581 945 2624 a
969 2559 1154 2624 Saxonibus
1167 2559 1343 2640 trucidatis,
1356 2578 1430 2622 uum

309 2676 446 2740 saeculis
459 2676 561 2760 primo
574 2681 606 2738 et
618 2676 760 2739 secundo
773 2675 883 2739 eodem
899 2675 993 2739 modo
1007 2694 1041 2739 se
1053 2676 1213 2759 gesserint
1225 2673 1354 2754 Chauci,
1366 2692 1430 2756 quo

308 2795 418 2872 postea
441 2788 594 2870 Saxones,
617 2808 690 2852 oum
717 2790 774 2853 hos
795 2791 889 2853 etiam
911 2791 944 2851 in
959 2787 1159 2853 Chaucorum
1173 2789 1266 2853 terrIs
1279 2785 1430 2851 habuisse

305 2901 397 2967 sedes
434 2903 703 2967 verisimillimum
735 2904 786 2985 sit,
805 2905 893 2987 ipsos
915 2902 1061 2967 Chaucos
1086 2905 1120 2967 in
1144 2901 1289 2967 Saxones
1312 2901 1430 2966 abiIssc

306 3018 474 3080 temeraria
509 3035 572 3079 non
609 3015 737 3080 videtur
771 3017 963 3099 conjectura,
996 3017 1183 3100 praesertim
1220 3036 1293 3080 cum
1325 3015 1430 3078 simile

307 3130 385 3213 quid
408 3134 440 3193 et
462 3131 495 3192 in
520 3129 652 3194 Francis
677 3131 792 3214 Anglis
815 3128 930 3194 Suevis
955 3130 1025 3194 aliis
1045 3129 1162 3194 lactum
1185 3148 1255 3194 esse
1267 3126 1430 3214 probabile

306 3244 431 3308 ducunt
459 3245 519 3307 viri
543 3245 627 3309 docti
652 3249 776 3308 tantum
801 3265 866 3308 uon
891 3263 1010 3309 omnes.
1036 3243 1161 3309 Sensim
1187 3263 1334 3309 occasum
1360 3261 1428 3306 ver·

306 3377 363 3421 sus
387 3357 478 3422 sedes
502 3376 578 3420 suas
601 3358 785 3422 extendisse
808 3357 953 3422 Saxones
969 3359 1034 3440 jam
1067 3357 1312 3422 indeasaeculo
1325 3358 1428 3441 primo

307 3467 512 3549 novimus⁸l;
552 3468 786 3534 Chamavorum
827 3472 947 3554 patriae
982 3475 1103 3553 partem
1139 3470 1430 3555 septentrionalem,

307 3588 466 3667 postremo
501 3582 667 3647 Batavinm
703 3602 757 3648 eos
789 3602 963 3668 occupasse
986 3603 1085 3668 supra
1108 3584 1258 3649 vidimus.
1282 3583 1429 3648 Oceanus

339 3791 366 3856 l)
384 3791 443 3842 Tac.
461 3792 528 3842 Hist.
549 3791 590 3854 IV,
607 3790 655 3858 793
673 3792 703 3856 V,
722 3791 763 3843 19.

338 3882 366 3946 h)
384 3881 470 3947 Spart.
488 3883 540 3934 vit.
560 3883 617 3936 Did.
637 3884 688 3935 lul.
707 3884 727 3950 1,
744 3883 768 3935 6.

338 3973 366 4038 3)
384 3974 443 4025 Tac.
462 3974 552 4025 Germ.
571 3973 611 4025 35.

334 4065 363 4131 l)
381 4065 491 4130 Eutrop.
517 4066 560 4127 III,
587 4065 632 4130 el;
661 4065 781 4126 Orosius,
808 4067 876 4131 Vlll,
901 4067 942 4132 25,
960 4067 989 4131 3;
1007 4068 1064 4119 Joh.
1084 4068 1206 4120 Antioch.
1224 4069 1302 4134 trgum,
1321 4067 1372 4119 tel
1388 4070 1429 4134 (F.

306 4159 342 4208 H.
361 4157 391 4209 G.
408 4159 451 4222 Ill,
468 4156 537 4223 eol).

336 4250 363 4315 5)
382 4250 515 4314 Ἐγκώμιαν
532 4249 564 4307 alc
581 4251 622 4300 τὸν
640 4249 803 4313 αὐτοκράτορα
820 4253 991 4318 Korra-raram,
1010 4254 1030 4316 1,
1047 4251 1080 4302 34
1098 4254 1128 4303 D.
1148 4254 1179 4318 (l,
1197 4252 1230 4304 43
1249 4254 1300 4318 Η.)

337 4341 365 4404 a)
383 4343 487 4408 xxvrr,
505 4341 530 4405 e,
548 4342 573 4392 l.
1232 4323 1237 4330 ’

339 4433 366 4498 7)
384 4435 429 4496 Ill,
446 4433 470 4484 6.

337 4523 365 4590 8)
382 4526 442 4576 Tac.
460 4526 528 4575 Ann.
548 4525 617 4591 XIII,
634 4524 681 4590 55;
698 4525 929 4590 Ampsivariorum
947 4533 1033 4578 terras
1053 4533 1193 4592 occupant.
