3244 5296
831 554 894 616 138

301 741 541 823 occupationem
578 740 665 823 quod
696 745 827 824 spectat,
849 738 889 804 ab
913 741 1008 802 annis
1032 737 1260 802 chronicorum
1288 738 1423 802 Gallico-

302 872 385 932 rum,
408 851 529 934 Gildae,
553 853 660 918 Bedae
683 854 878 918 recedamus.
900 850 1055 928 Quamvis
1071 854 1136 934 Jam
1152 852 1206 915 diu
1219 853 1423 917 litoravexa·

303 967 414 1048 verint,
438 966 529 1030 sedes
550 966 734 1031 Saxonibus
758 985 929 1030 concessae
952 971 1029 1029 sunt
1049 973 1179 1029 auctore
1192 964 1422 1028 chronicorum

302 1081 456 1162 scriptore
479 1080 605 1164 aequali
630 1100 715 1145 anno
739 1081 814 1161 441,
837 1085 969 1144 auctore
994 1079 1086 1142 Gilda
1106 1084 1177 1162 post
1196 1079 1272 1159 446,
1292 1084 1423 1142 auctore

302 1192 390 1257 Beda
424 1195 509 1258 inter
541 1213 643 1258 annos
677 1195 742 1257 449
777 1200 809 1258 et
843 1194 917 1257 457.
948 1193 1065 1276 ltaque
1097 1193 1218 1255 nonin
1244 1193 1313 1275 ipso
1338 1211 1423 1254 anno

302 1313 501 1392 congruunt,
527 1326 601 1371 cum
626 1313 733 1375 autem
758 1319 823 1371 tres
840 1313 993 1392 auctores
1018 1325 1083 1388 non
1107 1307 1203 1370 aliius
1226 1306 1266 1369 ab
1289 1307 1422 1370 alichac

301 1423 335 1484 in
366 1439 401 1484 re
431 1420 607 1503 pendentes
631 1422 664 1483 in
688 1420 772 1485 idem
798 1426 925 1503 tempus
950 1419 1188 1503 quodammodo
1211 1418 1323 1483 saltem
1349 1438 1423 1482 con·
1499 1495 1502 1498 .

302 1534 432 1617 spirent,
468 1535 674 1597 temerarium
706 1553 769 1596 non
803 1533 931 1596 videtur
954 1538 1104 1614 statuere,
1125 1534 1209 1596 inter
1232 1551 1334 1595 annos
1358 1532 1420 1593 441

302 1651 334 1711 et
355 1647 419 1710 457
446 1645 538 1710 sedes
560 1647 594 1709 in
618 1645 818 1710 Brittanniae
837 1651 926 1729 parte
938 1645 1085 1709 orientali
1098 1646 1259 1729 accepisse
1271 1643 1423 1709 Saxones.

346 1759 419 1824 Non
453 1779 564 1824 omnes
599 1760 709 1824 eodem
743 1766 888 1842 tempore
911 1765 1118 1842 occupatores
1144 1759 1270 1822 venisse
1293 1777 1344 1822 res
1368 1777 1424 1822 no·

302 1875 427 1938 tissima
467 1880 524 1955 est,
567 1874 606 1938 de
648 1893 713 1958 qua
748 1875 842 1938 etiam
878 1875 911 1936 in
948 1872 1115 1938 chronicis
1150 1874 1227 1938 satis
1263 1892 1424 1956 superque

303 1987 449 2070 legimus¹
486 1984 549 2062 Qui
585 1988 689 2070 primi,
725 1989 781 2070 qui
817 1988 1018 2070 posteriores,
1052 1987 1172 2070 quibus
1204 1989 1298 2050 annis
1330 2005 1423 2051 vene

302 2101 376 2182 rint,
412 2119 477 2163 non
509 2099 602 2164 facile
626 2101 796 2182 dirimitur,
820 2119 926 2183 neque
950 2119 1032 2183 quae
1055 2119 1135 2183 gens
1159 2102 1247 2183 prior
1269 2100 1367 2163 fuerit
1389 2102 1422 2162 in

303 2211 479 2294 Britannia,
514 2232 586 2276 nam
623 2212 789 2277 Saxonum
825 2215 956 2277 nominc
990 2232 1100 2277 omnes
1132 2219 1272 2278 exeunte
1296 2215 1424 2278 saeculo

303 2332 416 2409 quarto
451 2329 584 2390 ineunte
620 2329 733 2410 quinto
769 2327 946 2410 praedones
970 2327 1123 2411 appellari
1147 2329 1291 2411 potuisse
1314 2330 1422 2392 verisi-

303 2439 473 2503 millimum
509 2448 564 2503 est.
594 2439 712 2504 Tamen
737 2441 764 2504 si
787 2440 869 2505 forte
892 2440 992 2524 Angli
1018 2442 1067 2504 rel
1090 2439 1111 2504 J
1115 2447 1187 2504 ctae
1210 2443 1305 2524 primi
1328 2442 1424 2506 adve-

303 2555 417 2635 nerint,
441 2555 553 2617 borum
581 2573 711 2637 quoquc
734 2573 851 2618 nomen
874 2573 939 2618 non
963 2557 1110 2638 ignotum
1134 2574 1300 2620 remanere
1320 2558 1425 2639 potuit

303 2667 485 2746 Britannis,
521 2670 631 2751 itaque
667 2668 754 2751 quod
789 2673 820 2731 et
845 2689 863 2731 a
888 2666 1054 2731 chronicis
1078 2668 1210 2733 Gallicis
1235 2675 1265 2733 et
1288 2690 1307 2732 a
1331 2669 1424 2732 Gilda

303 2781 448 2846 Saxones
490 2781 712 2846 tantummodo
748 2784 966 2863 nominantur,
1000 2781 1268 2865 ipsos'Saxones
1303 2785 1424 2866 priores

304 2898 430 2960 venisse
464 2895 627 2979 probabile
657 2895 750 2974 facit3
784 2915 866 2977 quae
900 2915 951 2959 res
985 2897 1102 2978 optime
1137 2917 1210 2959 cum
1248 2898 1424 2961 stemmatis

302 3029 425 3095 regum,
449 3011 504 3074 ubi
528 3031 654 3094 semper
677 3010 821 3074 Saxones
846 3015 985 3093 priorem
1011 3013 1292 3094 antiquioremque
1316 3012 1422 3074 locum

303 3125 448 3189 obtinent
461 3122 491 3206 ¹),
515 3107 673 3189 convenit.
701 3127 850 3188 Attamen
876 3125 1060 3206 Paooorros,
1085 3127 1141 3207 qui
1163 3144 1246 3187 anno
1261 3126 1325 3187 562
1339 3144 1422 3188 mor-

302 3246 379 3303 tuus
410 3245 467 3320 est,
498 3239 623 3322 Anglos
646 3240 679 3300 in
705 3237 872 3302 Britannia
892 3241 957 3321 jam
983 3240 1088 3318 novit3
1114 3244 1146 3302 et
1169 3241 1262 3302 etiam
1288 3258 1305 3302 e
1330 3245 1423 3302 stem-

304 3355 396 3418 matis
420 3353 503 3416 idem
532 3339 623 3435 sequi
648 3373 742 3435 posse
765 3353 946 3417 luculenter
970 3354 1203 3417 demonstravit
1216 3352 1424 3417 Munnnuuor-

302 3467 423 3547 cruci),
458 3468 544 3551 quod
576 3469 615 3530 ad
650 3488 809 3530 summam
835 3487 900 3531 rem
927 3469 1039 3531 attinet
1063 3469 1173 3532 eodem
1198 3468 1263 3531 fere
1287 3469 1425 3548 saeculo,

303 3582 403 3644 altera
427 3587 514 3664 parto
539 3581 659 3644 saeculi
683 3583 798 3664 quinti,
822 3582 926 3663 priore
949 3581 1068 3644 saeculi
1094 3581 1177 3644 sexti
1201 3601 1228 3662 p.
1250 3579 1282 3643 0.
1303 3581 1423 3663 n.,Bri-

302 3697 444 3758 tanniam
470 3701 656 3778 occupatam
682 3714 752 3772 esse
775 3701 839 3758 tam
864 3715 882 3757 a
905 3693 1088 3758 Senonibus
1112 3700 1142 3758 et
1165 3695 1252 3758 Jutis
1277 3715 1372 3778 quam
1385 3695 1424 3758 ab

302 3808 418 3891 Anglis
438 3809 511 3888 jure
535 3807 685 3890 perbibet.

347 3923 539 4005 Procopium
570 3924 655 3985 enim
687 3922 760 3986 licet
792 3922 950 4004 permulta
974 3921 1146 3985 admodum
1171 3922 1304 3986 confusa
1327 3923 1423 3986 tradi-

302 4037 391 4118 derit,
426 4041 533 4100 tamen
569 4055 586 4098 e
620 4036 762 4099 fontibus
799 4035 929 4100 Gallicis
953 4038 1138 4120 praesertim
1162 4036 1325 4101 Francicis
1349 4037 1425 4100 bau·

335 4335 449 4399 l)'Haec
475 4339 565 4382 tamen
593 4333 623 4381 ad
652 4347 728 4396 reges
753 4334 939 4383 tantummodo
957 4335 1100 4398 pertinere,
1120 4350 1172 4384 non
1192 4335 1223 4385 ud
1243 4339 1345 4398 gentes,
1360 4334 1423 4398 jure

301 4429 423 4478 observat
440 4426 673 4475 Mincsuucrrius
691 4425 809 4488 Beovull,
827 4439 851 4487 p.
869 4424 909 4475 tl.

335 4517 429 4581 a)1.1.;
450 4517 501 4567 vid.
518 4517 605 4566 ctiam
625 4532 651 4579 p.
670 4516 711 4566 87.
