3244 5296
739 517 780 580 93

193 704 369 767 Amuxuuu
418 702 624 782 audiamus1)
675 700 714 766 de
757 721 841 765 anno
883 701 947 765 370
993 705 1150 784 mentem.
1197 699 1318 779 Erana

191 816 346 898 Anpnstr's
380 821 427 880 ter
460 815 635 880 censalibus
657 813 818 880 Senonum
841 813 1007 878 multitado
1029 821 1058 878 et
1087 813 1201 880 Oceani
1225 811 1315 898 diffi-

191 929 359 993 saltatibus
376 929 547 1013 permeatis
570 927 749 992 Romanam
771 927 898 991 limitem
918 927 1024 1012 prada
1043 927 1167 1010 petebat
1190 926 1316 990 intento.

191 1044 357 1109 Sustinere
381 1063 443 1106 non
469 1045 612 1127 potuisse
635 1042 806 1126 procellam
830 1041 1022 1106 Nannenum
1049 1042 1197 1104 comitem
1222 1040 1316 1104 nobis

192 1164 340 1220 narratur
374 1155 430 1219 sed
465 1155 657 1239 opitulatum
693 1155 826 1219 missum
852 1173 922 1219 esse
945 1153 1100 1219 Severum
1126 1155 1314 1236 magistrum

192 1269 346 1352 peditum,
381 1270 436 1351 qui
471 1268 550 1331 adeo
585 1268 787 1348 austensii,
811 1274 847 1330 ut
871 1285 980 1350 paoem
1006 1272 1183 1350 poscerent.
1207 1264 1316 1330 Disce·

192 1383 267 1446 dere
291 1383 440 1466 permissi
465 1389 543 1446 sunt
565 1380 720 1458 Saxones,
744 1381 863 1464 quibus
887 1383 1023 1445 insidiae
1046 1384 1078 1445 in
1104 1381 1211 1445 abdita
1236 1380 1317 1444 valle

191 1501 381 1573 struuntur;
406 1504 577 1580 postquam
603 1497 690 1558 varia
712 1495 842 1558 lortuna
860 1495 917 1560 diu
934 1503 1168 1578 pugnaverunt,
1181 1493 1317 1558 Romani

192 1611 301 1674 hostes
325 1610 516 1674 obtruncant
539 1629 599 1689 ,ne
622 1629 688 1672 uno
712 1609 842 1693 quidem
866 1610 1018 1673 caedibus
1040 1607 1316 1692 concorporalium

193 1744 362 1808 superesse
386 1723 572 1808 permisso.’'
597 1722 645 1787 De
669 1724 778 1788 eadem
798 1743 833 1787 re
853 1731 937 1802 (nam
958 1724 1091 1788 eandem
1113 1742 1183 1788 esse
1196 1742 1261 1787 rem
1276 1741 1317 1786 ex

194 1856 233 1900 eo
258 1824 397 1920 apparet,
421 1837 507 1920 quod
527 1843 597 1920 post
617 1836 762 1901 Saxones
782 1837 867 1920 apud
887 1835 1316 1920 utrumquesequiturBur-

194 1951 398 2033 gundionum
431 1951 560 2027 mentio)
588 1949 728 2032 „perfido
750 1956 782 2012 ot
794 1948 949 2012 deformi'’
962 1956 993 2013 et
1006 1948 1140 2014 ansms
1153 1956 1175 2030 ²)
1189 1948 1316 2013 scribit:

202 2063 447 2128 Valentinianae
470 2061 618 2144 Saxones,
638 2070 755 2145 pentem
780 2063 814 2127 in
837 2065 944 2128 oceani
954 2063 1098 2128 litoribus
1109 2062 1318 2144 etpalndibas

194 2179 291 2241 inuiis
313 2179 405 2241 sitam
416 2227 422 2240 .
433 2177 686 2256 ...periculosam
698 2177 851 2241 Romanis
863 2175 981 2259 finibus
1000 2178 1191 2256 eruptionem
1203 2197 1318 2259 maana

194 2292 273 2356 mole
294 2292 475 2355 meditantes
498 2292 533 2353 in
558 2291 636 2370 ipsis
658 2289 857 2354 Francorum
880 2291 996 2370 piniana
1014 2293 1173 2375 oppressit.
1186 2290 1226 2355 Et
1239 2310 1317 2376 quo-

194 2407 282 2468 niam
306 2405 437 2468 alteram
462 2423 546 2467 anno
571 2405 635 2466 373
659 2403 825 2468 Saxonum
850 2405 1066 2468 incursionem
1092 2424 1155 2467 non
1181 2423 1317 2468 comme

201 2524 301 2582 morat
320 2520 522 2599 Ammianus,
534 2517 573 2580 ad
587 2518 718 2581 eandem
732 2519 969 2600 expeditionem
983 2516 1147 2581 referenda
1160 2516 1319 2596 videntur,

198 2651 281 2714 quae
306 2632 343 2694 ad
369 2631 455 2695 huno
474 2651 596 2694 annum
621 2637 776 2694 annotant
796 2629 962 2711 Chronica,
981 2631 1067 2714 quod
1081 2633 1177 2694 etiam
1190 2635 1319 2714 propter

196 2744 391 2809 Francorum
417 2745 498 2809 fines
523 2746 574 2807 hic
598 2764 729 2828 quoque
752 2746 934 2809 nominatos
957 2750 988 2809 ct
1020 2753 1149 2829 propter
1167 2744 1317 2827 Burgun-

199 2858 319 2939 diones,
355 2861 410 2942 qui
446 2866 636 2943 sequuntur,
672 2859 845 2923 verisimile
876 2867 931 2923 est.
964 2859 1003 2922 In
1035 2857 1209 2939 chronicis,
1233 2858 1318 2941 apud

200 2970 414 3034 Hrmrouruum
445 2972 484 3035 ad
508 2992 629 3035 annum
655 2974 751 3055 2389,
775 2974 858 3056 apud
884 2972 1102 3038 Onssmuouun
1116 2977 1137 3051 ³)
1161 2973 1200 3036 ad
1224 2993 1317 3055 quar-

198 3091 265 3148 tum
302 3085 521 3150 Valentiniani
552 3092 583 3149 et
606 3085 751 3150 Valentis
775 3088 979 3151 consulatum
1004 3092 1121 3167 (errore
1145 3107 1200 3170 pro
1226 3089 1319 3150 tertio

199 3205 333 3281 quartus
357 3202 479 3282 positus
503 3202 562 3279 est)
586 3201 664 3263 haec
686 3203 887 3265 invenimus:
913 3200 1054 3266 Saarna
1072 3202 1156 3265 caesi
1175 3199 1320 3264 Dorsone

201 3313 237 3375 in
260 3314 384 3395 repione
405 3311 614 3376 Francorum.
640 3313 906 3395 Barpnndionam
919 3363 926 3376 .
938 3364 945 3376 .
959 3363 984 3377 ..
1009 3314 1097 3378 melia
1121 3334 1145 3379 e.
1160 3335 1188 3398 q.
1201 3334 1225 3377 s.
1239 3312 1274 3395 ⁴).

241 3426 303 3490 Per
326 3425 489 3491 Oceanum
515 3428 613 3510 igitur
636 3427 668 3489 hi
694 3447 824 3511 quoque
847 3427 1002 3507 Saxones,
1023 3428 1115 3491 litora
1128 3427 1319 3506 habitantes,

198 3547 369 3619 venerant,
404 3540 460 3605 sed
496 3540 582 3604 unde
617 3542 773 3622 venerint,
810 3560 873 3603 non
898 3541 1008 3624 liquet,
1032 3559 1139 3624 neque
1162 3560 1226 3624 quo
1248 3542 1317 3603 loco

198 3655 282 3717 eaesi
317 3655 397 3732 sint;
435 3673 508 3716 nam
546 3653 584 3716 de
608 3651 759 3717 Deusone
783 3657 914 3717 omnino
939 3674 1003 3716 non
1028 3654 1236 3718 consentiunt
1259 3655 1319 3717 viri

198 3769 297 3866 docti3
324 3768 474 3850 quoniam
489 3773 596 3829 autem
610 3765 829 3829 Romanorum
843 3786 907 3829 non
922 3767 1058 3829 multum
1072 3765 1280 3846 interfuisset,
1293 3768 1319 3830 si

199 3880 432 3945 Chamavorum
458 3881 508 3942 vel
532 3877 791 3943 Chattuariorum
816 3881 993 3944 aliorumve
1012 3881 1320 3963 populorumtrans·

200 3997 414 4059 rhenanorum
438 3993 518 4057 fines
543 3995 756 4057 vastavissent
776 3993 931 4076 Saxones,
943 3995 1013 4058 sine
1026 3993 1123 4057 dubio
1137 3994 1175 4059 de
1188 3994 1319 4058 Francis

204 4139 344 4146 ...-.-—-

233 4207 260 4271 1)
279 4205 437 4271 xxv111,5,
455 4202 529 4254 1-7.

234 4293 451 4361 mmmm

233 4388 260 4453 3)
279 4403 305 4452 p.
321 4385 380 4446 649,
397 4386 539 4436 Mommsen.

232 4481 260 4547 l)
277 4480 316 4532 Cl.
333 4479 443 4544 Fredeg.
460 4477 493 4544 11,
509 4476 543 4526 45
561 4476 697 4542 (Dioaone)
716 4481 742 4528 et
758 4477 830 4527 Jord.
846 4476 922 4528 liam.
939 4474 997 4527 309.
