3240 5304
746 521 787 584 55

202 707 381 793 inferiorem
412 707 601 775 Germaniae
624 707 750 774 iimitem
764 705 795 788 ¹),
818 706 964 793 Ruperat
986 706 1080 792 fidem
1101 729 1177 794 pena
1199 707 1275 776 ieris
1297 715 1326 775 et

203 823 322 889 imbrico
357 824 563 888 barbararum
591 828 619 887 et
730 823 878 888 institisse
901 822 1011 888 Rierm
1032 824 1263 890 nuntiabatur.
1278 875 1284 890 .
1297 874 1324 890 ..

202 936 278 1003 Toto
310 937 417 1002 Rheni
450 936 534 1002 atreo
567 936 686 1022 appleto
707 937 842 1001 nauibus
866 936 1005 1001 duratas
1032 942 1137 1002 terras
1158 957 1263 1002 eorum
1287 959 1325 1003 ar

202 1051 305 1116 domas
340 1058 477 1116 maestas
507 1052 703 1134 imperitasque
731 1051 901 1134 populatas
934 1071 967 1116 ea
1000 1058 1185 1140 tantamque
1207 1051 1324 1118 cladem

201 1169 436 1251 vastitatemque
456 1167 607 1248 perjurae
626 1165 714 1248 penti
737 1164 885 1247 intulisti,
904 1169 941 1228 at
954 1167 1091 1249 poetria
1103 1164 1200 1230 ailam
1212 1185 1325 1232 nomen

202 1279 346 1344 dubitare
368 1277 455 1359 siti).

245 1393 371 1458 Nomen
394 1395 499 1477 gentis
523 1393 611 1457 illius
635 1393 716 1457 levis
739 1393 996 1458 otlubrioaenon
1010 1394 1146 1458 additur.
1160 1393 1320 1470 Quoniam

201 1513 307 1600 antem
335 1507 448 1590 „fidem
472 1506 619 1591 rupisse”
645 1507 772 1588 dicitur,
797 1507 980 1589 Bructeros,
1003 1527 1085 1592 quos
1105 1513 1321 1592 anteupacam

201 1624 362 1708 supplices
375 1625 504 1707 petiisse
516 1623 711 1704 audivimus,
723 1640 777 1686 eos
789 1640 860 1686 esse
873 1623 1077 1705 suspicamur
1086 1619 1117 1701 ³).
1130 1621 1191 1688 Sed
1206 1625 1324 1708 quiqui

200 1738 341 1819 fuerunt,
352 1737 466 1800 Franci
479 1756 543 1800 non
555 1736 705 1816 fuernnt;
719 1756 793 1799 nam
807 1737 840 1799 in
853 1737 923 1820 ipso
936 1756 1021 1800 nouo
1035 1739 1228 1822 panegyrico
1243 1739 1325 1802 haec

200 1853 337 1936 legimus
350 1851 391 1932 ἧι
417 1856 532 1916 trneem
554 1850 721 1917 Franenm
744 1852 852 1936 ferina
875 1851 941 1917 sola
959 1872 1055 1918 earne
1073 1852 1253 1937 distentam,
1266 1857 1324 1940 qni

198 1968 294 2031 ritum
313 1988 375 2047 pro
396 1967 493 2031 ratas
515 1967 566 2031 sai
588 1965 707 2030 uditate
729 1971 911 2047 contemnar,
934 1972 1071 2052 quantae
1094 1967 1181 2032 motis
1204 1969 1248 2033 sit
1269 1991 1322 2033 aa·
1350 1961 1352 1966 ’

196 2102 311 2165 parare
343 2080 389 2146 aei
415 2081 547 2161 capere?
578 2081 661 2166 qnod
690 2084 733 2162 tn,
756 2081 935 2162 imperator,
958 2086 987 2144 et
1008 2102 1108 2165 nuper
1131 2081 1163 2146 in
1187 2083 1286 2148 ltalia
1299 2083 1322 2165 ⁶)

199 2203 228 2260 et
261 2197 296 2259 in
330 2197 396 2276 ipso
425 2200 585 2279 conspecta
609 2195 775 2260 barbariae
796 2195 892 2274 panio
916 2199 988 2258 ante
1010 2195 1122 2278 fecisti.
1148 2196 1181 2259 Si
1205 2197 1322 2262 Franci

198 2310 344 2392 fuissent,
369 2329 506 2394 quornm
532 2310 665 2393 patriam
690 2313 761 2392 post
784 2314 971 2392 occupatam
994 2308 1119 2373 Italiam
1139 2316 1320 2376 vastaverat

200 2423 440 2506 Constantinus,
473 2425 598 2488 tertiam
634 2423 715 2486 huno
749 2424 788 2487 de
822 2423 953 2488 Francis
983 2425 1149 2489 victoriam
1175 2428 1321 2492 omittere

199 2540 328 2602 omnino
352 2558 416 2602 non
441 2539 598 2622 potuisset
620 2538 806 2621 panegyrici
830 2542 949 2601 auctor.

242 2651 377 2717 Duobus
400 2652 479 2716 loois
503 2671 576 2714 cum
601 2653 703 2735 patris
724 2650 987 2733 expeditionibus
1010 2650 1172 2716 Franoiois
1193 2672 1320 2736 eompa-

198 2771 310 2829 rantnr
332 2785 415 2849 quae
437 2765 512 2829 feeit
536 2764 782 2829 Constantinus:
808 2763 906 2828 muita
931 2763 980 2828 atie
1006 2765 1200 2829 Francorum
1220 2765 1320 2848 mitia,

197 2880 255 2964 qai
288 2879 460 2943 Bataoiam
583 2879 774 2960 inuaserant,
809 2879 969 2961 interfecit
1099 2878 1249 2944 abduxit:
1284 2883 1320 2944 tm

195 2993 261 3075 jam
294 2993 331 3057 ab
361 2993 439 3073 ipsis
462 3013 568 3058 earam
590 2992 713 3076 rapidas
736 2994 920 3077 auspicatae
943 3014 975 3058 es
997 2993 1153 3079 stmaiqae
1176 2999 1204 3057 et
1222 3014 1318 3078 prae·

197 3108 290 3172 terita
320 3106 446 3171 illoram
476 3107 591 3172 scelera
608 3107 737 3191 punisti
759 3113 787 3170 et
810 3107 903 3170 totius
924 3107 1025 3188 pontia
1048 3106 1200 3171 imbricum
1222 3107 1316 3187 (idem

196 3221 305 3285 timore
337 3221 466 3284 oinnisti
479 3219 502 3296 ⁶)
538 3225 584 3285 et:
620 3220 770 3304 pnrpaait
804 3219 855 3283 itte
892 3219 1063 3283 Bataoiam
1092 3220 1213 3284 advena
1236 3219 1320 3285 hoste

197 3332 333 3414 depulso,
356 3333 412 3397 tibi
435 3354 466 3396 se
483 3353 521 3397 ea
540 3333 653 3397 nitima
665 3333 817 3396 tartaria
829 3332 996 3415 indipenae
1005 3332 1116 3412 popuii
1128 3332 1272 3396 dedidere
1286 3330 1318 3409 ⁷).

241 3446 372 3511 Minoris
386 3449 539 3510 momenti
553 3454 637 3528 sunt,
652 3449 707 3530 qui
722 3448 798 3510 haec
808 3446 935 3526 habent,
947 3452 1092 3512 auctores
1106 3449 1315 3530 posteriores:

240 3559 413 3624 Euraorrus
426 3557 467 3639 ⁸):
504 3556 876 3624 Constantianam
913 3558 1029 3623 Galliis
1063 3563 1092 3622 et
1125 3558 1258 3622 militnm
1291 3563 1320 3622 et

229 3854 257 3918 r)
275 3855 340 3905 rna.
357 3855 398 3906 ar.

274 3947 339 3997 lna
357 3947 398 3997 aa.

229 3946 245 3996 ‘t

228 3947 258 4104 3))
273 4039 339 4090 Vide
356 4040 435 4090 intra.

229 4131 256 4194 4)
273 4131 338 4183 lbid.
355 4131 396 4182 m.

227 4221 254 4285 5)
272 4224 345 4273 Inter
363 4223 492 4274 Maxentii
510 4224 599 4287 copias
618 4223 712 4273 Franci
729 4223 813 4286 igitur
830 4227 915 4273 erant.

228 4311 255 4376 6)
273 4313 336 4363 Pan.
354 4314 397 4376 Vl,
415 4313 438 4364 4.

272 4406 335 4455 Pan.
353 4405 396 4467 IX,
414 4405 456 4456 25.

227 4404 253 4469 7)

227 4495 254 4562 a)
271 4497 303 4560 x,
320 4494 345 4548 a.
