3240 5304
736 571 779 636 29

193 780 274 841 mus,
313 761 431 844 quippe
467 779 605 844 quorum
641 760 765 824 litterae
799 762 832 822 in
867 761 1093 844 manuscriptis
1116 760 1317 844 corruptelae

192 892 397 957 summopere
420 873 581 938 obnoxiae
605 876 678 938 sint.
1035 955 1038 962 ,

237 988 289 1051 Ad
335 989 472 1071 primum
521 1006 616 1070 quem
666 988 895 1071 descripsimus
931 988 1036 1052 locum
1073 988 1159 1070 quod
1195 988 1317 1068 attinet,

192 1101 312 1164 Tabula
346 1100 467 1165 flumen
505 1121 666 1185 nusquam
697 1101 774 1164 alibi
799 1107 1075 1165 commemoratur.
1101 1101 1151 1164 Ad
1176 1099 1314 1164 Scaldim

193 1215 336 1278 fluminis
359 1234 474 1279 nomeu
500 1234 570 1280 esse
590 1215 792 1278 referendum
807 1213 997 1278 Mursianus
1011 1219 1119 1278 monet
1132 1213 1154 1292 ¹)
1165 1235 1172 1276 :
1185 1213 1317 1294 flumen,

194 1329 281 1412 quod
314 1330 398 1393 inter
433 1328 640 1392 Gesoriacum
676 1333 707 1392 et
743 1327 863 1392 Mosam
900 1328 1041 1392 medinm
1068 1329 1206 1411 ponitur,
1229 1326 1316 1390 aliud

193 1445 322 1506 omnino
346 1461 505 1507 essenon
530 1461 624 1526 posse
648 1462 744 1525 quam
770 1445 827 1525 qui
851 1461 910 1506 suo
934 1443 1065 1505 nomine
1089 1461 1154 1504 non
1179 1458 1317 1506 comme-

194 1563 337 1620 moratur
372 1555 504 1637 Sealdiq
538 1559 619 1620 ratio
654 1557 722 1640 ipsa
746 1555 816 1620 fert.
840 1555 913 1619 Tria
936 1555 1041 1620 Rheni
1064 1557 1145 1620 ostia
1169 1576 1188 1618 a
1211 1553 1317 1620 Ptole·

195 1672 275 1734 maei
310 1674 496 1734 enumerata
531 1689 605 1733 cum
641 1669 743 1733 Pnrnn
774 1670 843 1732 loco
874 1689 971 1753 supra
995 1675 1129 1734 tractato
1152 1688 1217 1732 non
1242 1688 1318 1733 con·

192 1788 330 1868 gruunt:
367 1783 464 1847 Plinii
499 1785 616 1848 ostium
654 1783 858 1866 occidentale,
890 1784 977 1866 quod
1011 1782 1178 1847 Helinium
1216 1789 1318 1864 vocat,

192 1899 272 1960 nihil
302 1898 391 1961 aliud
421 1903 469 1962 est
504 1918 602 1980 quam
638 1896 745 1961 Mosae
780 1896 950 1980 Rhenique
981 1916 1016 1962 os
1041 1915 1221 1978 commune,
1246 1898 1316 1961 he.

195 2011 369 2075 Ptolemaei
410 2009 502 2074 Mo‘co
546 2010 691 2089 ἕκβολαίε
737 2013 894 2096 sequitur,
937 2019 973 2076 ut
1013 2012 1110 2094 hujus
1146 2009 1245 2083 Ῥήνου
1282 2009 1316 2074 τὸ

196 2125 338 2202 badarado
372 2123 474 2202 ardua
509 2126 616 2188 statim
652 2131 723 2209 post
759 2124 954 2209 Lugdunum
991 2125 1186 2189 Batavorum
1219 2127 1316 2190 situm

197 2239 280 2303 idem
317 2241 360 2303 sit
395 2239 482 2322 quod
505 2238 603 2302 Plinii
629 2239 775 2320 „medius
799 2237 953 2318 alveus’';
978 2245 1087 2303 utrum
1111 2244 1217 2303 autem
1243 2258 1317 2304 oum

196 2352 294 2416 Plinii
317 2351 416 2416 Plevo
440 2353 579 2417 conferri
604 2352 717 2417 debeat
741 2352 774 2416 τὸ
799 2351 888 2430 μέσον
912 2373 952 2416 an
976 2352 1009 2416 ab
1028 2351 1204 2416 ἀνατολικὸν
1215 2349 1318 2430 στόμα

195 2469 246 2529 τοῦ
270 2444 410 2544 rorabat
434 2467 598 2549 d'p'udicari
619 2469 740 2550 nequit,
760 2486 866 2551 neque
888 2468 928 2531 ad
941 2469 1161 2552 quaestionem
1175 2471 1318 2531 nostram

195 2580 332 2643 multum
356 2577 459 2644 refert.

239 2693 387 2758 Secundo
421 2695 491 2756 loeo
522 2714 540 2758 a
572 2693 722 2778 Sequana
746 2695 903 2778 incipieus
927 2693 1070 2771 κατέχειν
1093 2691 1147 2765 τὴν
1171 2689 1318 2772 παράλιον

194 2807 272 2870 dicit
300 2807 477 2871 Atribatios
500 2807 688 2871 Bellovacos
713 2808 890 2873 Ambianos
914 2807 1057 2872 Morinos
1080 2807 1227 2890 Tungros
1253 2805 1318 2870 Me-

193 2923 315 3005 napios.
339 2921 465 2986 Talsam
489 2940 559 2986 esse
581 2923 663 2984 hanc
676 2923 860 3005 opinionem
874 2924 959 2986 inter
971 2940 1082 2985 omnes
1094 2925 1237 3000 constat;
1250 2921 1319 3004 ipse

196 3037 290 3099 etiam
316 3035 474 3117 Tenemus,
496 3035 573 3099 alibi
597 3035 771 3100 Ptolemaei
795 3037 1019 3100 auctoritatem
1045 3041 1201 3118 quantum
1216 3037 1319 3118 potest

196 3155 336 3230 secutus,
359 3151 467 3214 minus
490 3155 576 3213 recta
601 3168 683 3232 quae
706 3151 766 3212 hoc
789 3149 859 3212 loco
878 3150 1031 3232 leguntur
1042 3149 1161 3212 indicia
1174 3151 1266 3211 vocat
1279 3150 1317 3224 ²);

197 3282 363 3346 nunquam
388 3282 413 3327 e.
426 3284 456 3347 g.
479 3261 626 3348 Tungros
636 3281 733 3325 -oram
748 3265 939 3327 maritimam
953 3261 1114 3327 habitasse
1127 3267 1248 3325 certum
1262 3264 1318 3324 est.

196 3375 257 3442 Sed
291 3376 427 3442 fortasse
462 3379 513 3440 hic
547 3376 612 3441 fere
645 3377 708 3439 loci
732 3375 950 3440 Ptolemaaani
975 3394 1090 3440 sensus
1114 3379 1180 3439 est:
1206 3392 1318 3438 omnes

195 3496 306 3575 gentes
341 3512 438 3576 supra
469 3493 651 3555 nominatae
681 3495 858 3554 extremam
882 3495 1002 3573 partem
1027 3488 1148 3552 Galliae
1169 3487 1319 3571 Belgicae

195 3606 374 3689 coluerunt,
409 3606 463 3670 sed
495 3625 559 3668 non
584 3623 696 3669 omnes
719 3609 840 3669 tractus
866 3605 1057 3681 maritimos3
1082 3603 1203 3687 priores
1226 3602 1318 3666 littus

196 3724 378 3801 tonuerunt,
412 3719 468 3783 sed
503 3720 695 3803 posteriores
727 3717 858 3801 (Tungri
882 3722 913 3781 et
937 3715 1087 3800 Menapii)
1110 3716 1145 3778 in
1169 3714 1317 3799 Belgicae

195 3839 283 3915 parte
315 3833 555 3917 septentrionali
579 3833 673 3909 (inter
696 3829 834 3895 Scaldim
859 3828 1075 3912 Rhenumque
1094 3829 1204 3911 igitur)
1225 3827 1317 3892 sedes

197 3947 387 4011 habuerunt.
424 3945 487 4022 Qui
517 3947 576 4008 hoc
609 3945 702 4008 modo
727 3945 832 4008 locum
857 3946 1118 4026 interpretantur,
1141 3947 1197 4005 aut
1223 3941 1319 4005 verba

198 4058 363 4138 κατέχουσι
396 4060 449 4134 τὴν
481 4057 628 4138 παράλιον
651 4078 715 4122 non
740 4059 779 4122 de
802 4058 952 4121 omnibus
975 4058 1127 4142 gentibus
1151 4059 1319 4141 scripsisse

197 4179 311 4256 putant
332 4173 550 4237 Ptolemaeum
576 4173 632 4236 sed
655 4172 694 4235 de
713 4171 876 4255 prioribus
895 4171 1127 4252 tantummodo,
1145 4175 1201 4233 aut
1221 4171 1318 4253 scrip·

202 4343 343 4352 ——-—-

231 4459 258 4524 l)
277 4460 308 4510 ln
327 4458 444 4509 editione
461 4457 606 4508 Ptolemaei
623 4472 649 4522 p.
666 4455 724 4507 220·

232 4551 260 4619 2)
278 4552 315 4602 l.l.
334 4567 360 4616 p.
377 4548 435 4601 210.
