3240 5304
849 545 868 609 8

298 737 351 802 cui
374 736 581 820 explicationi
603 755 717 818 parum
742 735 929 798 conveniret
953 733 1108 816 particula
1124 731 1423 816 ,0063006661-

298 871 422 916 rmum
434 849 585 913 viderunt
597 849 735 913 editores
748 849 898 931 recteque
911 852 1095 931 exponunt:
1110 867 1176 910 non
1192 867 1341 931 magnam
1355 867 1426 932 par-

299 972 363 1031 tem
375 967 464 1050 ripae
475 963 580 1028 Rheni
593 962 746 1043 (Vahalis)
760 963 909 1048 sinistrae
921 962 1077 1045 incolunt,
1089 972 1178 1026 extra
1186 961 1327 1026 insulam
1336 961 1424 1025 illam

298 1100 382 1166 quae
405 1081 578 1164 praecipua
601 1097 713 1142 eorum
738 1077 830 1141 sedes
850 1081 898 1141 est
913 1076 952 1156 ¹)3
969 1082 1000 1141 et
1012 1076 1096 1159 apud
1110 1076 1246 1140 Ρ111111111
1259 1082 1281 1157 ¹)
1295 1093 1425 1160 quoque

299 1197 384 1260 inter
417 1193 607 1259 Germaniae
642 1198 754 1277 gentes
785 1194 819 1255 in
843 1193 1010 1276 provincia
1033 1190 1137 1256 Gallia
1159 1190 1310 1256 Rhenum
1336 1210 1424 1255 acco·

300 1309 403 1374 lentes
426 1307 540 1372 Batavi
564 1312 812 1385 enumerantur3
834 1307 915 1390 quin
935 1306 1029 1370 etiam
1043 1305 1195 1390 oppidum
1210 1324 1322 1370 corum
1335 1310 1426 1369 extra

299 1423 440 1487 insulam
465 1423 564 1486 situm
588 1425 655 1485 erat
669 1417 701 1497 8).
724 1418 838 1504 Neque
861 1424 967 1482 tamen
992 1420 1183 1485 cisrhenana
1203 1425 1286 1483 terra
1305 1418 1426 1482 Batava

299 1538 429 1621 longius
452 1536 588 1600 adverso
611 1534 747 1599 flumine
770 1531 993 1618 porrigebatur
1017 1553 1113 1618 quam
1133 1535 1202 1617 ipsa
1221 1534 1423 1615 insulanam

300 1651 386 1736 apud
420 1651 614 1735 principium
651 1650 719 1732 agri
753 1647 868 1712 Batavi
903 1648 992 1712 velut
1023 1650 1056 1712 in
1083 1649 1165 1714 duos
1190 1667 1301 1713 amnes
1325 1648 1426 1712 dividi

299 1765 449 1830 Rhenum
473 1768 604 1829 auctore
628 1762 747 1828 eodem·
762 1760 910 1842 11101104)
935 1763 1102 1827 novimus:
1128 1763 1187 1826 ubi
1208 1762 1343 1827 Rhenus
1367 1762 1426 1826 dif-

301 1878 430 1961 fluebat,
452 1878 498 1942 ihi
522 1877 696 1962 incipiebat
719 1882 803 1942 terra
826 1876 1032 1942 Batavorum.
1052 1875 1220 1943 Hactenus
1234 1879 1273 1942 de
1284 1877 1428 1961 Batavis,

302 2013 384 2078 quos
417 1994 516 2077 igitur
550 2013 624 2058 eum
661 1994 824 2077 regionem
859 1993 942 2056 intra
972 1992 1127 2057 Vahalem
1153 1998 1184 2057 et
1208 1992 1331 2057 Mosam
1356 1997 1424 2057 tum

263 2131 265 2138 ¹
302 2112 424 2192 partem
451 2107 577 2172 insulae
600 2127 619 2170 a
641 2105 746 2171 Rheni
770 2106 927 2172 divisione
952 2126 1057 2191 usque
1079 2108 1120 2171 ad
1144 2106 1308 2172 Oceanum
1332 2109 1426 2192 perti-

303 2223 411 2287 nentis
441 2227 473 2285 et
499 2222 593 2304 cujus
616 2222 773 2285 terminus
798 2220 1017 2285 meridionalis
1040 2242 1059 2285 a
1081 2220 1199 2286 Vahali
1220 2221 1429 2304 efficiebatur,

301 2336 479 2399 incoluisse
509 2335 650 2399 vidimus
677 2334 776 2398 altera
796 2334 939 2417 ejusdem
963 2335 1090 2398 insulae
1110 2338 1198 2417 parte
1220 2355 1240 2398 a
1263 2333 1427 2400 Cannene-

302 2447 422 2512 iatibue
453 2447 601 2512 habitata.
624 2447 735 2511 Finem
761 2448 1041 2530 septentrionalem
1066 2467 1131 2511 non
1156 2450 1325 2528 novimus;
1351 2469 1426 2513 nam

303 2561 391 2646 quod
413 2561 519 2626 medio
542 2563 627 2625 inter
649 2559 817 2624 Helinium
842 2566 873 2625 et
896 2560 1032 2625 Flevum
1055 2579 1110 2624 ore
1130 2560 1291 2625 modicum
1303 2563 1428 2625 nomini

303 2695 363 2740 suo
387 2675 549 2739 custodire
573 2674 700 2738 alveum
725 2672 874 2738 Rhenum
899 2674 986 2758 apud
1011 2672 1183 2754 Pnrurun⁶)
1208 2676 1355 2760 legimus,
1368 2677 1428 2740 hoc

303 2807 355 2853 me
374 2789 484 2872 judice
506 2788 588 2851 nihil
612 2788 654 2851 ad
677 2806 744 2852 rem
769 2790 890 2870 attinet,
914 2809 988 2852 nam
1008 2808 1115 2873 neque
1134 2788 1191 2853 ubi
1209 2788 1341 2854 fluxerit
1362 2809 1428 2853 mo-

303 2902 395 2966 dicus
418 2901 473 2965 ille
496 2901 617 2984 alveus,
641 2903 806 2984 cognitum
830 2901 997 2982 habemus,
1022 2921 1127 2986 neque
1149 2907 1256 2966 utrum
1270 2902 1428 2969 alveoillo

302 3016 394 3080 finita
435 3016 477 3078 sit
511 3015 620 3079 insula
654 3033 763 3079 necne.
798 3013 870 3079 Hoc
906 3015 1010 3079 solum
1046 3017 1151 3080 dicere
1186 3035 1370 3100 possumus,
1402 3020 1429 3081 si

304 3148 416 3192 verum
448 3128 529 3192 vidit
553 3149 581 3190 1.
606 3128 643 3192 01.
669 3127 704 3191 P.
728 3127 757 3191 J.
782 3127 907 3210 Β10111)
931 3132 1048 3213 (neque
1072 3131 1151 3212 quin
1175 3149 1288 3194 verum
1313 3131 1430 3195 viderit

304 3240 445 3305 dubitari
469 3243 584 3324 potest)
608 3239 763 3324 Lugduni
786 3240 982 3306 Batavorum
1005 3242 1106 3306 fuisse
1126 3242 1199 3306 illas
1211 3244 1333 3326 ruinas,
1347 3263 1430 3326 quae

302 3354 379 3418 inde
402 3353 441 3417 ab
465 3372 549 3416 anno
576 3354 660 3416 1500
684 3352 819 3417 fortasse
846 3354 1005 3437 usquead
1021 3356 1431 3439 1755pr0pavicumKat-

304 3467 377 3550 wijh
400 3469 431 3530 in
459 3467 538 3530 mari
561 3467 775 3550 apparuerint,
801 3468 951 3548 maj0rem
976 3468 1088 3532 saltem
1110 3474 1230 3551 partem
1244 3471 1430 3553 provinciae

304 3581 476 3644 hodiernae
500 3579 691 3644 Hellandiae
715 3578 935 3645 Meridionalis
959 3586 989 3644 et
1008 3583 1171 3665 regionem
1192 3601 1275 3666 quae
1294 3582 1430 3648 Betnwe

304 3693 481 3777 appellatur
504 3698 609 3776 partes
633 3692 734 3758 fuisse
757 3694 883 3757 insulae
905 3693 1110 3758 Batavorum.

306 3823 448 3832 —

337 3877 366 3944 1)
383 3877 456 3937 Quae
474 3883 537 3929 sunt
558 3879 637 3930 verbu
654 3880 835 3930 annotationis
855 3879 1014 3930 Orellianae.

338 3969 366 4034 2)
385 3971 446 4020 Nat.
465 3970 541 4035 Hist,
558 3971 601 4036 IV,
620 3968 678 4022 106.

338 4060 366 4127 3)
383 4062 442 4113 Tac.
460 4063 535 4124 hist,
554 4062 583 4125 V,
601 4059 649 4126 193
668 4062 861 4127 Noviomagum
880 4077 987 4126 quoque
1003 4063 1032 4112 in
1050 4067 1123 4113 terra
1142 4064 1239 4115 Batava
1257 4066 1339 4115 fuisse
1350 4080 1429 4129 prop-

305 4159 346 4205 ter
363 4153 390 4204 C.
407 4155 427 4204 1.
445 4155 483 4214 L..
499 4155 544 4217 111,
561 4153 644 4204 11936
663 4159 739 4218 putat
760 4155 954 4205 Donasznwsrn
974 4155 1013 4220 (C.
1032 4155 1050 4206 1.
1068 4156 1096 4204 L.
1115 4157 1182 4214 11111,
1200 4155 1232 4220 11,
1250 4156 1275 4222 2,
1293 4173 1318 4220 p.
1336 4157 1407 4221 618).

338 4246 366 4310 h)
385 4247 453 4298 Anu.
479 4247 511 4310 11,
530 4245 553 4298 6.
572 4247 713 4298 Vocabulis
735 4246 804 4297 ncis'’
822 4251 849 4296 et
870 4246 977 4296 utrens'’
998 4261 1104 4310 semper
1122 4249 1221 4298 Romae
1239 4229 1307 4298 situs
1326 4249 1429 4299 ratione

304 4338 394 4388 hahita
415 4339 526 4389 utimur.

338 4430 365 4493 5)
384 4430 444 4482 Nat.
463 4431 538 4490 Hist.‚
556 4431 599 4494 lv,
616 4430 674 4481 101.

337 4520 365 4584 6)
383 4521 494 4571 Leidsch
511 4521 667 4585 Jaarboekje
685 4519 758 4586 1904,
776 4536 801 4584 p.
819 4519 863 4570 20.
