3240 5304
856 512 896 573 74

309 695 469 761 Omnibus
492 696 595 760 tribus
620 697 669 760 hie
694 697 772 760 locis
797 703 1019 780 transgressus
1043 703 1093 760 eet
1111 696 1258 760 Rhenum
1273 697 1433 760 exercitus

309 809 490 888 Romanum
509 811 624 874 deinde
638 812 775 873 hostium
789 817 890 874 terras
904 813 1018 874 transit
1030 809 1183 874 Julianus
1199 829 1317 890 ,urens
1329 811 1434 871 omnia

309 921 523 1006 rapiensque'’
562 925 670 1001 (Arum
691 945 698 1001 3
724 922 791 985 Lib.
820 921 880 986 3⁰.:
904 921 945 985 rol
969 922 1023 999 μὲν
1048 923 1121 1002 δῄων
1143 921 1185 985 τὰ
1210 922 1241 986 δὲ
1265 921 1432 998 arduarum

309 1035 376 1098 Lib.
412 1034 472 1098 4⁰.:
510 1033 596 1098 cidon
629 1059 663 1098 τε
699 1035 750 1098 nni
786 1034 928 1114 rinvelt:
966 1037 1052 1120 apud
1085 1038 1293 1099 Ammianum
1328 1038 1435 1098 hostes

309 1155 480 1212 vertuntur
522 1152 554 1212 in
599 1151 704 1233 podes,
740 1148 895 1212 Libanius
932 1151 1036 1232 priore
1071 1151 1140 1213 looo
1176 1149 1304 1213 scribit:
1340 1147 1434 1220 οὐδεὶς
1505 1193 1520 1204 ε

309 1261 433 1340 &adanu
458 1263 557 1326 altero
583 1282 657 1326 vero
680 1263 750 1326 loco
772 1264 850 1325 nihil
873 1264 1097 1346 hujuscemodi
1111 1264 1284 1326 invenitur.
1298 1261 1436 1324 Eodem·

310 1377 403 1438 modo
427 1377 531 1458 priore
555 1375 681 1438 Libanii
705 1377 775 1439 loco
800 1377 887 1459 quod
912 1379 1041 1458 ponitur
1066 1375 1195 1439 ἱκέτευον
1218 1374 1279 1438 δέον
1305 1375 1359 1452 τρὸ
1383 1379 1434 1438 τοῦ

310 1487 400 1568 τυρός
422 1492 571 1552 convenit
595 1509 668 1553 cnm
693 1491 858 1552 Ammiani
886 1499 976 1573 ,post
989 1492 1186 1573 saepimenta
1199 1487 1433 1566 inflammata’';

309 1600 407 1664 altero
432 1602 501 1664 looo
526 1602 613 1665 hisce
636 1602 680 1664 nil
694 1604 866 1685 respondet
880 1601 993 1666 verbis.
1009 1601 1128 1667 Eodem
1144 1604 1204 1666 hoo
1215 1606 1353 1685 (quarto)
1367 1603 1433 1664 loco

309 1715 440 1778 omnino
477 1735 539 1777 non
577 1722 715 1799 apparet,
750 1735 808 1780 cur
845 1735 907 1779 non
945 1719 1051 1780 statim
1088 1717 1291 1780 exaudiverit
1314 1716 1434 1798 legatos

309 1828 449 1892 hostium
471 1828 595 1909 Caesar,
614 1830 718 1912 priore
731 1849 839 1912 pacem
853 1830 893 1892 iis
906 1830 1061 1909 concedit,
1074 1849 1147 1893 cum
1162 1849 1276 1893 rursus
1290 1832 1435 1894 venerint

308 1942 396 2024 ipsos
421 1945 511 2025 reg‘ee
536 1944 696 2026 supplices
721 1944 936 2021 adducentes,
961 1944 1020 2006 hoo
1044 1943 1148 2007 solum
1174 1945 1435 2026 igiturconvenit

310 2073 383 2118 oum
420 2057 583 2118 Ammiani
619 2058 801 2120 narratione
835 2058 938 2139 primo
970 2055 1199 2119 Vadomarium
1226 2059 1355 2121 venisse
1378 2076 1434 2139 pro

310 2168 381 2231 aliie
417 2175 610 2251 precantem,
643 2169 697 2232 sed
731 2189 795 2232 non
820 2171 1009 2252 impetrasse
1033 2189 1153 2252 pacem,
1177 2177 1348 2253 antequam
1374 2171 1435 2252 ipsi

311 2300 402 2364 reges
434 2282 488 2345 alii
520 2282 763 2364 supplicassent.
796 2281 964 2347 Praeterea
988 2285 1095 2346 statim
1121 2289 1321 2367 transgresso
1344 2303 1435 2348 exer-

308 2396 375 2457 citu
399 2413 508 2477 pacem
534 2401 646 2478 petunt
672 2394 798 2458 barbari
823 2397 997 2479 posteriore
1019 2395 1434 2477 looo,altorod,lllaa'ravoo;

309 2507 360 2569 hic
385 2526 515 2590 quoque
537 2508 628 2572 locus
652 2509 737 2591 prior
761 2515 886 2573 tantum
911 2511 1061 2592 congruit
1084 2529 1158 2574 cum
1183 2512 1364 2590 Ammiano,
1378 2511 1434 2593 qni

310 2621 387 2684 dicit
410 2621 529 2685 iactum
556 2623 587 2685 id
613 2642 683 2686 esse
707 2643 779 2687 cum
806 2625 845 2686 ad
866 2627 1022 2688 terminos
1043 2626 1295 2689 Alemannorum
1310 2625 1434 2689 etBur-

308 2737 503 2817 gundiorum
539 2738 719 2819 pervenerit
749 2737 923 2803 Romanus.
950 2738 1096 2803 Ceterum
1122 2742 1320 2823 onptirorum
1345 2742 1434 2803 resti-

309 2851 400 2929 tutio,
426 2857 459 2913 ut
480 2851 543 2932 jam
572 2852 721 2929 vidimus,
747 2859 884 2935 utroque
908 2851 1034 2915 libanii
1057 2854 1126 2916 loco
1151 2855 1234 2917 inter
1253 2855 1339 2936 pacis
1360 2873 1434 2916 con-

310 2963 447 3027 ditiones
475 2971 693 3045 enumeretur,
717 2966 800 3028 idem
826 2975 1030 3029 asseverante
1054 2967 1241 3044 Ammiano,
1267 2986 1339 3029 cum
1365 2967 1434 3029 loco

310 3078 422 3159 priore,
447 3077 503 3140 ubi
527 3078 650 3160 lignum
672 3079 859 3162 ferrumque
885 3081 1057 3142 mittuntur
1080 3081 1119 3142 ad
1146 3080 1242 3143 urbes
1266 3081 1434 3144 restituen-

309 3190 375 3270 dae,
398 3192 561 3253 Ammiani
585 3194 735 3274 congruit
760 3193 836 3254 lroc:
866 3211 977 3275 ,reges
1002 3213 1042 3256 ox
1067 3199 1158 3276 pacto
1171 3195 1345 3275 superioris
1358 3196 1436 3256 anni

309 3302 462 3367 aedificiis
487 3304 604 3368 habilia
630 3306 729 3368 multa
755 3307 870 3369 misere
893 3305 1074 3390 carpentis'’
1099 3326 1124 3369 o.
1139 3327 1167 3390 q.
1181 3326 1204 3370 e.
1221 3303 1250 3384 Ι).

355 3417 502 3500 Cumque
529 3419 636 3481 omnia
660 3419 698 3481 ad
724 3419 899 3482 Alemanos
925 3426 1077 3502 spectent,
1101 3439 1184 3503 queo
1208 3429 1435 3483 commemorat

310 3530 471 3610 libanino,
495 3533 590 3594 etiam
619 3530 672 3593 ubi
698 3533 737 3595 de
760 3532 905 3616 regibus,
930 3535 985 3616 qui
1009 3532 1050 3604 εἰς
1062 3541 1119 3609 γῆν
1132 3531 1268 3616 ἔνυττον,
1282 3535 1435 3617 loquitur,

309 3826 401 3888 τυχεῖν,
425 3825 436 3872 d
461 3823 486 3873 δὲ
505 3824 546 3873 καῖ
561 3825 604 3881 τὴν
623 3825 712 3874 τούτων
729 3823 797 3874 atlon
814 3843 842 3874 τε
861 3825 903 3874 καὶ
920 3826 1019 3892 τέμνων,
1040 3825 1120 3884 ἐπειδή
1138 3844 1197 3875 ποτε
1216 3825 1346 3884 ἐνεπλήσθη
1366 3825 1434 3875 διαλ-

308 3917 438 3967 λάττεται.
465 3916 506 3964 xxi
531 3916 603 3964 πάλιν
629 3917 796 3977 αἰχμαλώτων
823 3915 902 3974 λύσεις
926 3933 948 3968 e.
959 3933 983 3981 q.
994 3934 1013 3966 S.
1039 3919 1086 3967 llio
1104 3933 1210 3981 quoque
1230 3918 1369 3968 manifeste
1388 3933 1434 3980 ap-

309 4011 385 4071 paret
416 4007 517 4058 iontem
544 4023 715 4059 communem
742 4009 824 4059 luisse
843 4010 953 4059 Libanio
972 4013 999 4058 et
1018 4010 1171 4073 Ammiano3
1191 4011 1215 4058 ol
1231 4007 1270 4058 ἐπὶ
1288 4012 1331 4064 τὴν
1350 4007 1436 4070 εἰρήνην

307 4102 493 4162 καταφυγόντες
510 4116 571 4150 curn
590 4103 689 4164 quibus
707 4106 752 4150 τῶν
771 4099 849 4150 αὐτῶν
868 4095 953 4161 τυχεῖν
971 4105 1085 4165 cupiunt
1105 4102 1255 4164 Alemanni,
1273 4103 1343 4164 upud
1355 4101 1432 4151 Liba·

310 4192 384 4242 nium
403 4193 453 4255 ipsi
471 4193 521 4243 loci
542 4193 637 4256 prioris
656 4193 760 4242 barbari
778 4199 854 4252 snnt3
873 4193 942 4255 apud
965 4193 1137 4242 Arnrnianum
1158 4193 1241 4242 multo
1262 4192 1434 4242 meliusnon-

308 4283 389 4333 nullis
408 4285 516 4346 regibus
535 4284 655 4346 ipsorum
677 4284 886 4332 Alcmaunorum
905 4299 967 4346 paco
985 4299 1109 4333 concessa
1128 4284 1172 4333 alii
1191 4284 1261 4333 idern
1281 4289 1434 4346 precantur.

342 4372 369 4430 Ι)
389 4373 480 4434 XVlll,
499 4374 522 4435 2,
542 4373 566 4436 6,
584 4377 617 4424 ef.
637 4375 716 4435 ΙΙΙΙΙΙ,
736 4374 775 4437 ΙΙ),
793 4373 823 4437 9;
848 4376 913 4424 liaeo
932 4389 1039 4437 quoque
1058 4375 1089 4424 ad
1109 4375 1272 4424 Alernaunos
1291 4374 1436 4438 pertinent,

310 4463 403 4514 eodem
428 4465 507 4514 hocce
531 4467 587 4516 loco
613 4466 693 4514 eliam
718 4466 751 4514 de
771 4466 883 4528 captivis
902 4465 1076 4516 restituendis
1094 4467 1196 4529 agitur,
1216 4466 1250 4515 cl.
1268 4466 1331 4530 Zoa,
1352 4465 1397 4527 ΙΙΙ,
1412 4465 1436 4515 4.
