3240 5304
730 492 768 556 15

183 685 281 766 affert,
316 683 438 748 nullam
475 683 570 748 video
606 701 746 764 cansam,
777 700 836 745 cnr
867 680 963 746 fidem
988 682 1017 746 ei
1041 681 1245 766 denegemus.
1270 681 1311 746 Et

186 797 305 862 Chauci
339 796 610 861 turbulentissimi
643 801 752 874 erant;
785 795 851 877 jam
888 794 1017 858 saeculo
1040 795 1180 878 primum
1205 813 1310 878 usqne

183 912 222 975 ad
257 931 346 976 oram
382 909 535 974 Gallicam
572 907 850 993 praedaveruntll,
881 908 1160 992 Ampsivariorum
1192 913 1308 973 terram

187 1031 427 1110 occupaverunt
439 1021 480 1103 ²l3
501 1029 627 1108 gentem
650 1024 842 1087 maritimam
863 1023 959 1086 eliam
973 1024 1051 1087 citra
1063 1023 1196 1089 Flevum
1211 1043 1309 1088 unam

186 1145 217 1205 et
248 1141 378 1204 alteram
410 1138 549 1203 insulam
575 1139 733 1222 propriam
759 1136 821 1201 sibi
843 1137 957 1202 iecisse
980 1156 1045 1200 non
1069 1143 1118 1203 est
1141 1139 1228 1223 quod
1251 1139 1309 1202 mi·

183 1272 301 1317 remur.
337 1290 378 1298 —
413 1252 452 1316 In
488 1253 665 1316 continenti
700 1271 765 1335 quo
801 1252 1004 1335 potissimum
1037 1251 1106 1316 loco
1140 1251 1260 1316 Chauci
1291 1273 1311 1316 a

186 1366 297 1430 Frisiis
333 1369 471 1450 separati
506 1367 580 1448 sint,
617 1366 798 1442 nescimus3
831 1369 905 1428 ante
927 1361 1027 1429 Taciti
1051 1371 1180 1450 tempus
1202 1372 1309 1431 autem

181 1483 258 1564 jam,
282 1485 319 1544 ut
343 1481 497 1563 diximus,
519 1485 636 1544 terram
660 1480 939 1564 Ampsivariorum
965 1486 1209 1564 occupaverant,
1229 1500 1312 1564 quos

188 1597 265 1658 citra
290 1595 447 1658 Amisiam
472 1593 632 1658 habitasse
655 1595 822 1658 novimus:
848 1614 922 1657 nam
947 1593 1158 1658 Germanicus
1182 1614 1257 1659 cum
1278 1597 1310 1658 in

187 1711 256 1792 ripa
278 1707 423 1773 Amisiae
446 1714 550 1772 castra
575 1713 707 1772 metaret
731 1713 761 1772 et
781 1709 821 1772 ad
834 1707 1000 1792 Visurgim
1015 1709 1190 1773 tenderein
1204 1711 1311 1773 animo

187 1823 215 1886 ei
239 1826 332 1902 esset,
358 1824 658 1906 ,Ampsivariorum
685 1821 820 1886 deiectio
844 1843 862 1886 a
882 1822 995 1906 tergo''
1015 1822 1268 1888 einuntiabatnr
1282 1828 1312 1904 ⁸).

188 1935 295 1999 Pulsis
318 1937 532 2019 Ampsivariis
555 1937 655 2018 igitur
679 1934 800 1999 Chauci
823 1937 918 2000 etiam
939 1938 1102 2020 regionem
1124 1939 1203 2001 citra
1222 1939 1313 2001 Ami·

188 2051 267 2114 siam
291 2048 452 2114 tenebant.
478 2048 625 2114 Chaucos
650 2069 668 2113 a
691 2048 803 2113 Frisiis
827 2051 968 2133 separari
994 2047 1109 2131 „lacu”
1134 2051 1314 2134 quodam,e

189 2161 298 2228 Dronls
322 2163 391 2227 loco
406 2170 428 2242 ⁴)
452 2169 572 2228 temere
596 2162 749 2227 efficitur:
774 2161 903 2228 Drusus
926 2162 956 2235 ἔς
975 2162 1025 2227 τὸν
1049 2162 1313 2227 exsultaturos

188 2275 289 2350 Ῥήνου
324 2273 546 2349 καταπλεύσας
580 2273 650 2348 τούς
683 2300 719 2340 τε
750 2273 883 2355 Φροοίονς
914 2274 1091 2354 ᾠκειώσατο,
1123 2276 1175 2340 καὶ
1207 2277 1237 2350 ἒς
1259 2275 1314 2348 τὴν

190 2389 332 2454 Χανκίδα
374 2389 425 2454 δια
468 2397 523 2464 τῆς
565 2388 674 2467 λίμνας
708 2389 855 2467 ἐμβαλὼν
890 2387 1078 2462 ἐκινδύνευσε,
1113 2394 1170 2454 τῶν
1204 2389 1314 2454 πλοίων

191 2503 249 2567 ὑπὸ
366 2502 541 2585 παλιρροίας
564 2502 617 2567 ἐπὶ
642 2508 694 2567 τοῦ
719 2499 804 2583 ξηροῦ
827 2501 996 2581 γενομένων.
1023 2503 1072 2568 De
1095 2505 1314 2588 compluribus

189 2618 327 2683 lacubus
371 2624 505 2683 narrant
550 2617 682 2682 Faernus
718 2615 955 2699 Pururusoun⁵l,
990 2618 1029 2682 de
1064 2637 1130 2682 uno
1165 2617 1259 2683 Mnus
1272 2617 1312 2699 6l:

193 2731 345 2814 „Rhenus
381 2734 468 2798 haud
502 2733 615 2818 procul
641 2753 660 2796 a
684 2733 764 2795 mari
788 2733 851 2796 huo
874 2736 905 2796 et
927 2732 1006 2796 illuc
1030 2732 1233 2817 dispergitur,
1258 2734 1314 2798 sed

190 2846 230 2910 ad
265 2849 428 2912 sinistram
464 2848 567 2910 amnis
599 2847 774 2910 etiamnum
797 2851 829 2909 et
852 2845 953 2910 donec
975 2845 1086 2910 effluat
1107 2845 1252 2930 Rhenus,
1274 2847 1314 2910 ad

191 2960 336 3026 dextram
367 2962 470 3045 primo
500 2964 658 3043 angustus
686 2965 717 3024 et
740 2960 792 3023 sui
816 2960 941 3042 similis,
963 2964 1034 3044 post
1058 2961 1136 3043 ripis
1159 2959 1254 3043 longe
1278 2980 1315 3024 ao

191 3073 255 3138 late
278 3073 504 3138 recedentibus
523 3074 589 3156 jam
615 3092 680 3136 non
704 3074 809 3137 amnis
833 3072 890 3137 sed
913 3074 1028 3155 ingens
1048 3072 1315 3153 laous,nbicam-

192 3206 251 3270 pos
286 3187 440 3272 implevit,
475 3186 573 3251 Flavo
608 3185 735 3269 dicitur,
770 3187 980 3270 ejusdemque
1012 3188 1152 3252 nominis
1174 3189 1314 3252 insulam

192 3303 359 3387 amplexus
381 3302 418 3367 lit
440 3303 558 3367 iterum
582 3304 681 3366 artior
703 3303 886 3386 iterumque
908 3300 1031 3366 fluvius
1055 3301 1241 3367 emittitur”.
1254 3303 1316 3368 Sed

191 3419 267 3500 quia
300 3415 396 3480 Frisii
431 3417 553 3480 circum
577 3416 695 3501 sslacum
731 3416 823 3480 illum
859 3421 890 3481 et
923 3421 1012 3480 trans
1035 3416 1184 3481 Rhenum
1209 3418 1314 3500 ipsum

192 3529 387 3614 habitabant,
420 3535 493 3614 post
526 3529 646 3594 Fhisios
681 3529 715 3593 in
750 3528 946 3595 deditionem
978 3536 1124 3614 acceptos
1155 3531 1317 3614 quomodo

198 3711 342 3720 -ᾳ

228 3828 256 3891 l)
274 3829 333 3879 Tac.
351 3828 428 3889 Anu,
447 3826 492 3890 XI,
509 3825 551 3877 18.

227 3920 254 3984 2)
273 3921 318 3984 lb,
337 3920 405 3979 Xlll,
424 3917 465 3968 55.
484 3918 646 3982 Amprivarii
665 3917 736 3982 pulsi
755 3933 769 3967 a
788 3917 903 3968 Chaucis
921 3921 948 3968 et
965 3917 1036 3968 sedis
1053 3917 1153 3982 inopes.

229 4011 255 4077 3)
273 4013 332 4063 Tac.
353 4012 428 4076 dnn,
447 4010 479 4075 ΙΙ,
496 4010 528 4074 8;
549 4011 599 4060 uid.
618 4011 804 4060 Miinnnunorr
821 4011 849 4060 in
868 4009 893 4060 Z.
913 4010 930 4059 s.
949 4009 978 4059 D.
998 4009 1036 4073 Α.,
1053 4007 1070 4058 9
1088 4009 1246 4074 (Venderbte
1266 4011 1318 4060 Na·

197 4119 258 4154 men
282 4105 325 4154 bei
350 4103 479 4168 Tacitus),
504 4117 530 4166 p.
555 4099 621 4166 240;
648 4103 753 4164 erpnu,
770 4101 904 4152 Deutsche
924 4102 1205 4166 lelrerbawegungen
1224 4103 1251 4152 in
1270 4103 1318 4151 der

195 4196 357 4259 Rbmerzeit,
375 4210 399 4259 p.
417 4194 458 4245 al.

227 4287 254 4352 4)
271 4287 313 4351 54,
330 4285 371 4338 32.

230 4379 257 4445 5)
275 4380 334 4431 Tac.
352 4379 404 4430 vid.
422 4377 501 4444 inira,
517 4378 585 4430 Plin.
602 4379 619 4428 l.
637 4379 655 4429 l.

230 4471 379 4542 o)111,al.
407 4496 409 4500 ·
