3244 5296
862 559 925 624 160

329 743 493 830 abeuntes,
513 747 578 830 jam
605 747 713 832 quivis
737 749 940 832 suspicatur:
966 766 1050 831 quae
1074 747 1125 811 bie
1148 753 1181 811 et
1202 747 1235 810 in
1260 745 1455 812 Hannovera

328 865 400 944 post
421 845 593 950 saeculum]
612 861 762 945 quintum
787 879 851 923 non
872 860 1010 944 amplius
1029 861 1252 942 inveniuntur,
1270 861 1346 924 inde
1365 860 1455 926 abeo

329 977 470 1057 tempore
494 973 607 1038 iisdem
632 975 829 1038 ornamentis
853 978 965 1036 ornata
988 974 1020 1035 in
1042 973 1210 1036 Britannia
1222 973 1358 1038 redeunt
1371 994 1455 1038 vasa.

374 1085 463 1163 Quae
486 1089 514 1152 si
538 1086 744 1172 probabiliter
767 1088 1016 1171 disputavimus,
1041 1089 1173 1152 maximi
1193 1088 1288 1154 nobis
1302 1091 1456 1154 momenti

328 1205 376 1266 est
400 1203 554 1284 quaestio,
568 1201 687 1286 quibus
699 1202 778 1265 locis
791 1202 922 1265 inventa
936 1203 1002 1266 sint
1013 1203 1201 1284 hujusmodi
1214 1205 1356 1268 vaseula.
1369 1202 1455 1267 Hon-

329 1333 441 1378 wnaun
464 1315 638 1398 provinciis
661 1313 783 1378 Frisiaa
807 1313 1001 1398 Groningaa,
1025 1313 1189 1379 Drenthae
1213 1318 1309 1399 eique
1330 1315 1456 1380 Galriae

226 1479 254 1492 ...
330 1433 427 1510 parta,
451 1446 534 1511 quae
558 1427 693 1492 Veluwe
717 1432 931 1512 nuncupatur,
954 1447 991 1492 aa
1003 1430 1145 1512 assignat
1161 1430 1198 1509 “);
1213 1429 1252 1494 de
1263 1429 1457 1494 Neerlandia

329 1559 428 1625 agens
454 1540 618 1606 Uunsnrus
642 1542 719 1606 haee
743 1539 853 1605 scribit
867 1549 908 1620 ¹l²
937 1542 1053 1622 „Auolr
1075 1542 1144 1606 hier
1167 1523 1244 1606 tr'ifft
1258 1562 1330 1606 man
1347 1543 1456 1624 „stich-

331 1653 456 1719 sische’'
489 1654 756 1720 Urneniriedhbfe
781 1657 838 1718 mit
863 1653 1107 1738 Grabgeffassen,
1131 1656 1182 1720 die
1206 1656 1268 1720 den
1293 1644 1455 1721 Perlebar·

330 1787 408 1851 geru
432 1768 588 1852 gleicben,
611 1768 669 1830 mit
692 1767 828 1831 scbbner
848 1767 1027 1832 schwarner
1040 1766 1146 1832 Glitte
1160 1769 1225 1832 und
1240 1769 1297 1832 mit
1309 1768 1455 1832 Buclrlen

331 1882 399 1945 und
433 1880 557 1966 Rippen
580 1880 798 1965 gesehmiickt.
824 1879 921 1945 Diese
946 1880 1158 1945 Urnenlelder
1181 1882 1362 1946 erstreoken
1388 1882 1456 1945 sich

331 1994 380 2058 bis
414 1996 496 2058 nach
531 1994 665 2059 Veluwa
700 1994 826 2059 siidlich
861 1995 918 2058 der
947 1994 1136 2075 Zuiderzee3
1163 1995 1215 2059 dia
1240 1996 1456 2060 westlichsten

331 2109 404 2172 sind
428 2109 479 2172 dia
503 2108 553 2173 bei
577 2107 758 2172 Barneveld
781 2109 848 2171 und
873 2106 1091 2173 Voorthuisen
1115 2109 1149 2171 in
1175 2107 1345 2173 Geldern.’'

376 2220 447 2298 Qua
481 2223 515 2284 in
552 2241 586 2285 re
621 2240 695 2285 cum
728 2222 806 2285 viris
838 2222 940 2285 doctis
968 2221 1070 2287 iacere
1094 2240 1228 2306 nequeo.
1252 2222 1325 2287 Non
1350 2223 1456 2287 solum

331 2336 425 2400 etiam
450 2354 546 2419 prope
568 2356 586 2398 a
609 2334 810 2418 Noviomago
833 2355 850 2399 e
873 2335 1009 2399 flumine
1034 2335 1148 2399 Vabali
1172 2336 1331 2418 ejusmodi
1345 2355 1457 2400 vascu-

333 2450 398 2512 lum
423 2453 618 2533 protractum
643 2454 690 2514 est
706 2453 737 2531 ³),
771 2468 884 2514 verum
908 2449 984 2512 alibi
1008 2468 1139 2533 quoque
1150 2450 1309 2514 nonnulla
1322 2451 1458 2514 indicari

332 2582 425 2647 posse
447 2562 625 2646 fragmenta
644 2568 731 2645 puto.
751 2561 788 2625 Iu
802 2562 905 2625 Frisia
918 2563 1048 2626 vascula
1060 2563 1199 2626 inveniri
1207 2561 1375 2641 Saxoniea,
1387 2565 1458 2646 ejus

331 2678 458 2759 generis
497 2695 637 2759 quocum
674 2674 779 2747 nobis,
800 2693 852 2740 res
887 2680 944 2757 est,
979 2694 1062 2758 quae
1097 2675 1331 2758 quodammodo
1362 2678 1456 2740 etiam

332 2791 409 2854 artis
438 2789 647 2854 Germanicae
678 2808 803 2854 crassas
827 2790 1027 2872 suppingues
1052 2789 1131 2853 ollas
1155 2789 1363 2873 producentis
1387 2808 1458 2854 ves-

332 2904 409 2986 tigia
432 2901 594 2986 praebent,
617 2903 685 2986 ipse
711 2902 788 2965 dicit
812 2899 1051 2980 Honwnann⁴);
1076 2900 1220 2983 ejusdem
1243 2903 1371 2985 generis
1394 2907 1457 2966 tes·
1561 2955 1565 2958 .

332 3020 382 3080 tae
405 3018 609 3100 reperiuntur
632 3018 667 3079 in
690 3018 760 3100 ipra
778 3016 887 3080 insula
907 3015 1110 3080 Batavorum.
1130 3014 1214 3079 Nam
1227 3015 1271 3079 ibi
1284 3016 1367 3082 inter
1379 3015 1458 3080 alias

332 3133 402 3195 sine
424 3130 521 3194 dubio
546 3130 752 3194 Germanicas
776 3129 951 3193 nonnullae
975 3129 1101 3193 ostendi
1126 3135 1272 3212 possunt,
1297 3149 1457 3213 quaencn

332 3245 436 3308 solum
461 3242 630 3307 Saxonicis
654 3262 717 3305 non
743 3242 905 3306 absimiles
932 3243 1092 3321 videntur,
1114 3245 1333 3306 verumetiam
1348 3262 1458 3327 super·

331 3357 403 3420 ficio
439 3359 623 3441 suppingui‚
657 3358 734 3420 artis
771 3356 982 3419 Germanicae
1012 3357 1196 3439 posterioris
1221 3358 1374 3439 temporis
1398 3359 1459 3420 cri·

333 3474 423 3552 toric,
466 3472 538 3553 plus
582 3471 731 3534 minusve
766 3475 883 3550 carent,
919 3469 1100 3551 cujusmodi
1136 3473 1234 3532 testas
1269 3473 1455 3553 praesertim

333 3584 462 3668 praebet
491 3603 639 3647 museum
672 3581 1007 3668 lugduno-Batavum
1040 3583 1162 3646 evicis
1185 3582 1353 3666 Kesteren,
1376 3583 1459 3649 Her·

335 3698 407 3779 velt,
437 3695 660 3761 Kwadenoord
675 3695 710 3775 ⁶).
741 3697 782 3762 ut
813 3699 908 3762 etiam
934 3698 975 3761 ad
999 3697 1087 3761 aliud
1110 3697 1238 3761 insulae
1261 3697 1457 3762 Batavorum

336 3866 479 3876 *—

366 3982 449 4047 1)1.1.
467 3996 492 4045 p.
512 3978 552 4033 ³8.

364 4074 392 4138 2)
411 4074 462 4123 Das
481 4073 571 4131 Eisen,
587 4088 613 4135 p.
631 4070 680 4122 297
700 4088 741 4137 sq.

362 4164 391 4230 3)
409 4166 603 4216 conservatum
622 4164 650 4214 in
669 4164 761 4214 Museo
780 4164 910 4229 Lugduno
929 4165 1035 4228 Batavo,
1055 4165 1083 4214 Β.
1102 4163 1144 4227 lv,
1162 4163 1203 4215 20.

363 4258 390 4321 t)
409 4258 445 4308 l.l.
463 4271 489 4321 p.
507 4254 547 4306 35.

364 4350 391 4412 5)
409 4349 477 4400 Cum
507 4347 674 4398 Germanicis
706 4348 865 4396 commixtae
897 4347 1076 4398 inveniuntur
1101 4347 1158 4398 Cat.
1184 4348 1212 4397 B.
1241 4347 1286 4413 lll,
1312 4347 1460 4412 llo-13&

330 4439 477 4506 lle-1503
496 4436 642 4501 157-1623
662 4437 700 4487 sio
722 4438 871 4502 descriptae
890 4438 918 4488 iu
936 4438 1052 4501 epistula
1073 4437 1229 4487 Holwerdae
1247 4439 1379 4489 aHeulsso
1390 4441 1461 4491 edita

333 4533 533 4599 (Opgraviugen
557 4545 589 4594 op
608 4529 640 4579 de
659 4529 839 4594 Hoegewoerd
858 4534 883 4580 te
902 4529 1041 4592 Ileateren,
1059 4544 1083 4592 p.
1102 4527 1160 4592 ll):
1180 4529 1230 4595 (De
1248 4530 1379 4581 scherven
1397 4531 1462 4598 zijn)
