3244 5296
735 506 799 568 139

197 695 279 758 sisso
314 699 454 774 constat3
490 693 628 777 ideoque
663 693 813 776 quamvis
845 709 919 755 vera
942 690 1031 755 falsis
1055 691 1214 776 permixta
1236 691 1322 774 apud

197 827 272 872 eum
309 809 525 890 inveniantur,
561 826 672 872 revera
708 807 828 870 saeculi
862 806 945 870 sexti
980 811 1069 888 parte
1104 805 1208 888 priore
1243 806 1321 888 quin

197 921 298 1003 Angli
316 922 348 983 iu
376 920 546 984 Britannia
568 920 660 984 sedes
683 919 862 1000 habuerint,
884 937 947 980 non
969 917 1324 1001 estquoddnbitemus.

198 1032 247 1097 De
266 1034 336 1116 ipso
361 1053 446 1096 anno
468 1033 531 1096 540
553 1032 729 1117 Procopius
742 1038 849 1094 narrat
862 1029 894 1112 ¹),
907 1031 1015 1114 itaque
1028 1029 1214 1095 Britanniae
1226 1049 1320 1094 occu·

196 1150 324 1230 pateres
359 1151 390 1210 et
421 1145 564 1210 Saxones
589 1151 620 1209 et
642 1143 737 1209 Jutas
756 1151 791 1208 ‘et
814 1144 939 1228 Anglos
962 1145 1046 1208 inter
1068 1162 1170 1207 annos
1194 1145 1321 1229 potissi·

197 1280 287 1323 mum
313 1261 376 1322 440
401 1265 432 1323 et
453 1260 516 1323 540
536 1261 569 1322 in
592 1279 709 1323 novam
730 1261 864 1342 patriam
880 1259 1007 1322 venisse
1020 1277 1038 1321 e
1051 1258 1316 1342 praecedentibus

197 1373 282 1439 effici
307 1379 469 1458 putamus.

244 1867 263 1947 ξ
289 1869 317 1928 3.
347 1864 459 1932 Πίναρα
483 1865 721 1946 Ανιρίοσααονισε
743 1865 778 1926 iu
802 1864 910 1942 patrio
933 1868 1045 1926 nostra
1068 1862 1278 1928 habitaverint

709 1996 811 2040 necue.

243 2190 348 2255 Locus
383 2190 437 2254 ille
472 2188 629 2271 Paocorrr,
662 2208 756 2272 quern
788 2190 822 2251 in
848 2189 1035 2272 paragraphi
1060 2189 1234 2272 superioris
1257 2188 1321 2252 fine

197 2306 381 2386 citavimus,
405 2304 444 2367 ad
468 2323 537 2368 eam
563 2323 693 2386 quoque
717 2305 936 2386 quaestionem
964 2305 1110 2387 pertinet,
1130 2322 1213 2386 quae
1234 2323 1322 2366 nunc

196 2419 364 2482 tractanda
394 2425 449 2482 est.
482 2418 602 2501 Sponte
627 2419 711 2481 enirn
737 2437 795 2481 nos
821 2417 859 2480 ad
884 2417 1022 2480 Varinos
1046 2418 1206 2481 rhenanos
1227 2418 1319 2482 redu·

198 2535 251 2612 eit,
287 2551 368 2614 quos
404 2536 669 2596 commemoratos
704 2532 755 2594 hic
792 2531 940 2594 vidimus.
975 2530 1026 2592 Bx
1063 2550 1127 2613 quo
1151 2531 1220 2594 loco
1245 2532 1322 2596 haec

198 2646 428 2710 describimus:

244 2759 333 2822 Κατίο
357 2758 388 2822 δὲ
412 2759 461 2822 τὸν
486 2757 586 2839 χρόνον
607 2757 702 2838 τούτῳ
724 2760 766 2839 τῷ
790 2783 823 2822 τε
847 2757 984 2838 Οὐοίρναν
1009 2756 1077 2821 ἔθνει
1100 2757 1151 2822 καί
1177 2759 1320 2839 στρατιώ-

200 2895 268 2943 ταις
304 2873 471 2944 νησιοίταις,
508 2868 533 2934 οἳ
563 2870 597 2943 δη
629 2873 658 2934 ἐν
682 2872 755 2951 νησιρ
780 2881 817 2952 τῇ
842 2871 964 2954 Βριττίρι
989 2871 1155 2951 καλουμένη
1182 2870 1321 2952 ᾤκηνται,

200 2985 334 3062 πόλεμος
358 2985 406 3048 καί
430 2983 521 3064 μοίχη
548 2985 663 3062 ἐγένετο
688 2982 721 3059 ἐξ
746 2985 848 3057 αίτίας
871 2985 999 3049 τοιοῖσδε.
1026 2983 1150 3066 Οθαρνοι
1175 2986 1230 3062 μὲν
1251 2987 1322 3066 ὑπὲρ

199 3097 311 3178 Ἴστρον
346 3100 484 3177 ποταμὸν
516 3096 663 3180 ἵδρυνται,
695 3099 826 3172 διήκουσι
859 3100 889 3162 δὲ
916 3097 992 3180 ίιχρι
1016 3099 1051 3163 τε’
1075 3101 1105 3172 ἐς
1129 3100 1249 3164 ὠκεανὸν
1274 3101 1322 3164 τὸν

199 3214 324 3293 θρκτῷον
348 3213 398 3276 καί
424 3214 561 3290 ποταμὸν
587 3214 691 3288 Ῥῆνον,
716 3211 805 3293 θσπερ
830 3213 938 3286 αὐτούς
961 3238 995 3277 τε
1019 3213 1134 3295 διορίζει
1155 3213 1205 3277 καί
1220 3213 1321 3293 opalu-

199 3350 271 3402 ηους
305 3325 355 3389 καί
392 3323 499 3390 τοίλλα
530 3325 602 3399 ἔθνη,
636 3323 774 3407 θοταύτη
800 3323 1023 3407 ίδρυνται....
1049 3326 1189 3407 Βριττίαν
1213 3326 1245 3390 δὲ
1269 3328 1322 3400 την

199 3447 281 3514 νῆσον
305 3438 365 3513 ἔθνη
391 3440 456 3520 τρία
481 3440 776 3521 πολυανθρωπότατα
801 3439 914 3520 ἔχουσι,
939 3440 1088 3518 βασιλεύς
1108 3466 1142 3505 τε
1163 3437 1204 3514 εἷς
1224 3442 1321 3504 αὐτῶν

198 3552 314 3632 ἓκοίστιρ
338 3553 515 3633 ἐφέστηκεν.
541 3553 675 3632 ίνθματα
699 3555 730 3617 δὲ
755 3561 853 3618 κεῖται
875 3561 936 3626 τοῖς
949 3553 1037 3618 ἔθνεσι
1051 3553 1167 3628 τούτοις
1179 3555 1321 3633 Ἀαηίλοι

199 3692 234 3731 τε
266 3665 318 3730 καί
354 3666 505 3745 Φρίσσονες
535 3667 586 3731 καί
611 3669 636 3731 οἱ
660 3677 697 3748 τῇ
722 3667 796 3747 νήσῳ
820 3667 966 3745 ὁμώνυμοι
990 3666 1159 3748 Βρίττυνες.
1188 3668 1320 3742 τοσαύτη

199 3781 230 3843 δὲ
266 3783 282 3855 η
318 3781 407 3844 τῶνδε
443 3786 499 3845 τῶν
524 3783 605 3844 ἐθνῶν
630 3782 861 3862 πολυανθρωπία
886 3781 1031 3862 Φαίνεται
1056 3776 1139 3855 οὖσα,
1165 3780 1240 3846 ίίστε
1263 3782 1321 3845 οίνθι

200 3897 261 3958 πῖον
291 3893 354 3965 ἔτος
379 3894 462 3958 κατα
488 3895 624 3968 πολλοὺς,
642 3895 750 3959 ἐνθένδε
774 3895 1026 3973 ροετανιστοίμενοι
1051 3892 1102 3969 ξὺν
1126 3893 1246 3974 γυναιξί
1271 3895 1323 3960 καί

199 4008 304 4071 παισίν
336 4010 365 4081 ἐς
397 4008 555 4088 Φροίηγους
585 4013 736 4089 χωροῦσιν.
769 4009 849 4073 οἶδὲ
873 4009 983 4082 αὐτοὺς
1007 4009 1191 4090 ἐνοικίζουσιν
1215 4010 1322 4088 ἐςγης

198 4129 253 4196 τῆς
276 4121 425 4202 σφετέρας
448 4124 502 4197 την
526 4122 704 4203 ἐρημοτὲραν
728 4124 868 4187 δοκοῦσαν
892 4119 976 4196 εἶναι,
1000 4122 1052 4186 καί
1073 4124 1131 4187 ἀπ’
1155 4124 1247 4188 αὐτοῦ
1268 4123 1321 4195 την

197 4244 280 4310 νῆσον
314 4235 538 4316 προσποιεῖσθαί
567 4241 670 4316 Φασιν.
704 4235 780 4301 ὥστε
816 4237 926 4314 οίροέλει
961 4238 993 4301 οὐ
1016 4237 1121 4315 πολλῷ
1147 4235 1320 4316 πρότερονὸ

175 4480 177 4490 ’
231 4470 258 4534 l)
277 4471 341 4522 Bell.
360 4469 436 4522 Goth.
456 4471 497 4535 lV,
515 4469 555 4522 20.
