<?xml version="1.0" encoding="UTF-8"?>
<!DOCTYPE html PUBLIC "-//W3C//DTD XHTML 1.0 Transitional//EN"
    "http://www.w3.org/TR/xhtml1/DTD/xhtml1-transitional.dtd">
<html xmlns="http://www.w3.org/1999/xhtml" xml:lang="en" lang="en">
 <head>
  <title>
</title>
<meta http-equiv="Content-Type" content="text/html;charset=utf-8" />
  <meta name='ocr-system' content='tesseract 3.04.00' />
  <meta name='ocr-capabilities' content='ocr_page ocr_carea ocr_par ocr_line ocrx_word'/>
</head>
<body>
  <div class='ocr_page' id='page_1' title='image "./depopulisgerman00kromgoog_0142.png"; bbox 0 0 3244 5296; ppageno 0'>
   <div class='ocr_carea' id='block_1_1' title="bbox 738 559 799 622">
    <p class='ocr_par' dir='ltr' id='par_1_1' title="bbox 738 559 799 622">
     <span class='ocr_line' id='line_1_1' title="bbox 738 559 799 622; baseline 0.033 -2"><span class='ocrx_word' id='word_1_1' title='bbox 738 559 799 622; x_wconf 84' lang='lat'>121</span> 
     </span>
    </p>
   </div>
   <div class='ocr_carea' id='block_1_2' title="bbox 203 743 1332 1286">
    <p class='ocr_par' dir='ltr' id='par_1_2' title="bbox 203 743 1332 1286">
     <span class='ocr_line' id='line_1_2' title="bbox 203 743 1330 823; baseline -0.003 -12"><span class='ocrx_word' id='word_1_2' title='bbox 203 767 322 811; x_wconf 80' lang='lat' dir='ltr'>rennes</span> <span class='ocrx_word' id='word_1_3' title='bbox 345 765 403 810; x_wconf 85' lang='lat' dir='ltr'>rex</span> <span class='ocrx_word' id='word_1_4' title='bbox 426 748 459 809; x_wconf 96' lang='lat' dir='ltr'>in</span> <span class='ocrx_word' id='word_1_5' title='bbox 485 744 588 810; x_wconf 86' lang='lat' dir='ltr'>Orosii</span> <span class='ocrx_word' id='word_1_6' title='bbox 613 746 760 810; x_wconf 75' lang='lat' dir='ltr'><strong>versione</strong></span> <span class='ocrx_word' id='word_1_7' title='bbox 785 746 862 809; x_wconf 84' lang='lat' dir='ltr'>haee</span> <span class='ocrx_word' id='word_1_8' title='bbox 885 743 1033 823; x_wconf 87' lang='lat' dir='ltr'>habet¹):</span> <span class='ocrx_word' id='word_1_9' title='bbox 1049 743 1217 810; x_wconf 83' lang='lat' dir='ltr'>Beweatan</span> <span class='ocrx_word' id='word_1_10' title='bbox 1232 743 1330 809; x_wconf 84' lang='lat' dir='ltr'>Eald·</span> 
     </span>
     <span class='ocr_line' id='line_1_3' title="bbox 204 859 1330 944; baseline -0.002 -20"><span class='ocrx_word' id='word_1_11' title='bbox 204 880 332 924; x_wconf 76' lang='lat' dir='ltr'>seaaum</span> <span class='ocrx_word' id='word_1_12' title='bbox 365 861 392 922; x_wconf 79' lang='lat' dir='ltr'>is</span> <span class='ocrx_word' id='word_1_13' title='bbox 426 859 520 943; x_wconf 74' lang='lat' dir='ltr'>Aalfe</span> <span class='ocrx_word' id='word_1_14' title='bbox 554 861 651 944; x_wconf 71' lang='lat' dir='ltr'>mulia</span> <span class='ocrx_word' id='word_1_15' title='bbox 683 861 772 944; x_wconf 71' lang='lat' dir='ltr'>lacere</span> <span class='ocrx_word' id='word_1_16' title='bbox 802 861 830 924; x_wconf 86' lang='lat' dir='ltr'>ie</span> <span class='ocrx_word' id='word_1_17' title='bbox 860 859 928 924; x_wconf 79' lang='lat' dir='ltr'>aad</span> <span class='ocrx_word' id='word_1_18' title='bbox 950 859 1109 924; x_wconf 76' lang='lat' dir='ltr'>Frialaad</span> <span class='ocrx_word' id='word_1_19' title='bbox 1132 859 1201 924; x_wconf 79' lang='lat' dir='ltr'>aad</span> <span class='ocrx_word' id='word_1_20' title='bbox 1221 863 1330 944; x_wconf 67' lang='lat' dir='ltr'>lencm</span> 
     </span>
     <span class='ocr_line' id='line_1_4' title="bbox 206 971 1332 1059; baseline -0.002 -21"><span class='ocrx_word' id='word_1_21' title='bbox 206 977 366 1038; x_wconf 65' lang='lat' dir='ltr'>westwere</span> <span class='ocrx_word' id='word_1_22' title='bbox 390 975 418 1037; x_wconf 82' lang='lat' dir='ltr'>ia</span> <span class='ocrx_word' id='word_1_23' title='bbox 445 976 512 1059; x_wconf 71' lang='lat' dir='ltr'>licat</span> <span class='ocrx_word' id='word_1_24' title='bbox 535 972 616 1054; x_wconf 75' lang='lat' dir='ltr'>land,</span> <span class='ocrx_word' id='word_1_25' title='bbox 637 975 679 1057; x_wconf 73' lang='lat' dir='ltr'>lte</span> <span class='ocrx_word' id='word_1_26' title='bbox 701 993 774 1037; x_wconf 75' lang='lat' dir='ltr'>anan</span> <span class='ocrx_word' id='word_1_27' title='bbox 802 971 899 1056; x_wconf 74' lang='lat' dir='ltr'>anle</span> <span class='ocrx_word' id='word_1_28' title='bbox 922 973 992 1054; x_wconf 69' lang='lat' dir='ltr'>lecal,</span> <span class='ocrx_word' id='word_1_29' title='bbox 1016 974 1082 1038; x_wconf 83' lang='lat' dir='ltr'>and</span> <span class='ocrx_word' id='word_1_30' title='bbox 1104 972 1241 1038; x_wconf 80' lang='lat' dir='ltr'>Sillende</span> <span class='ocrx_word' id='word_1_31' title='bbox 1265 973 1332 1037; x_wconf 84' lang='lat' dir='ltr'>and</span> 
     </span>
     <span class='ocr_line' id='line_1_5' title="bbox 206 1085 1332 1171; baseline 0 -21"><span class='ocrx_word' id='word_1_32' title='bbox 206 1107 315 1151; x_wconf 79' lang='lat' dir='ltr'>eumne</span> <span class='ocrx_word' id='word_1_33' title='bbox 348 1087 408 1152; x_wconf 84' lang='lat' dir='ltr'>dcal</span> <span class='ocrx_word' id='word_1_34' title='bbox 442 1085 537 1150; x_wconf 79' lang='lat' dir='ltr'>Deae.</span> <span class='ocrx_word' id='word_1_35' title='bbox 573 1086 613 1150; x_wconf 83' lang='lat' dir='ltr'>Et</span> <span class='ocrx_word' id='word_1_36' title='bbox 644 1091 753 1170; x_wconf 88' lang='lat' dir='ltr'>postea</span> <span class='ocrx_word' id='word_1_37' title='bbox 767 1087 806 1164; x_wconf 70' lang='lat' dir='ltr'>⁹l:</span> <span class='ocrx_word' id='word_1_38' title='bbox 838 1086 904 1150; x_wconf 82' lang='lat' dir='ltr'>and</span> <span class='ocrx_word' id='word_1_39' title='bbox 932 1086 973 1171; x_wconf 77' lang='lat' dir='ltr'>ef</span> <span class='ocrx_word' id='word_1_40' title='bbox 1003 1085 1162 1170; x_wconf 74' lang='lat' dir='ltr'>Snirinyea</span> <span class='ocrx_word' id='word_1_41' title='bbox 1186 1087 1272 1152; x_wconf 79' lang='lat' dir='ltr'>lteale</span> <span class='ocrx_word' id='word_1_42' title='bbox 1295 1086 1332 1150; x_wconf 84' lang='lat' dir='ltr'>lre</span> 
     </span>
     <span class='ocr_line' id='line_1_6' title="bbox 207 1198 1331 1286; baseline 0 -22"><span class='ocrx_word' id='word_1_43' title='bbox 207 1203 307 1283; x_wconf 55' lang='lat' dir='ltr'>ewoeci</span> <span class='ocrx_word' id='word_1_44' title='bbox 334 1205 400 1286; x_wconf 67' lang='lat' dir='ltr'>lacet</span> <span class='ocrx_word' id='word_1_45' title='bbox 430 1199 467 1264; x_wconf 75' lang='lat' dir='ltr'>le</span> <span class='ocrx_word' id='word_1_46' title='bbox 498 1199 615 1282; x_wconf 77' lang='lat' dir='ltr'>seylede</span> <span class='ocrx_word' id='word_1_47' title='bbox 646 1219 687 1263; x_wconf 86' lang='lat' dir='ltr'>on</span> <span class='ocrx_word' id='word_1_48' title='bbox 718 1198 766 1284; x_wconf 73' lang='lat' dir='ltr'>fif</span> <span class='ocrx_word' id='word_1_49' title='bbox 788 1201 895 1284; x_wconf 75' lang='lat' dir='ltr'>daqan</span> <span class='ocrx_word' id='word_1_50' title='bbox 922 1205 952 1264; x_wconf 81' lang='lat' dir='ltr'>le</span> <span class='ocrx_word' id='word_1_51' title='bbox 972 1202 1057 1285; x_wconf 73' lang='lat' dir='ltr'>laram</span> <span class='ocrx_word' id='word_1_52' title='bbox 1078 1205 1174 1284; x_wconf 83' lang='lat' dir='ltr'>perte,</span> <span class='ocrx_word' id='word_1_53' title='bbox 1195 1203 1237 1286; x_wconf 73' lang='lat' dir='ltr'>lan</span> <span class='ocrx_word' id='word_1_54' title='bbox 1261 1220 1331 1264; x_wconf 83' lang='lat' dir='ltr'>mon</span> 
     </span>
    </p>
   </div>
   <div class='ocr_carea' id='block_1_3' title="bbox 207 1313 1335 3558">
    <p class='ocr_par' dir='ltr' id='par_1_3' title="bbox 207 1313 1335 2308">
     <span class='ocr_line' id='line_1_7' title="bbox 207 1313 1333 1400; baseline -0.003 -19"><span class='ocrx_word' id='word_1_55' title='bbox 207 1317 268 1381; x_wconf 77' lang='lat' dir='ltr'>licat</span> <span class='ocrx_word' id='word_1_56' title='bbox 298 1322 337 1381; x_wconf 72' lang='grc' dir='ltr'>(ει</span> <span class='ocrx_word' id='word_1_57' title='bbox 361 1315 520 1400; x_wconf 62' lang='lat' dir='ltr'>Helium</span> <span class='ocrx_word' id='word_1_58' title='bbox 544 1336 577 1378; x_wconf 84' lang='lat' dir='ltr'>se</span> <span class='ocrx_word' id='word_1_59' title='bbox 599 1319 683 1378; x_wconf 83' lang='lat' dir='ltr'>stant</span> <span class='ocrx_word' id='word_1_60' title='bbox 705 1314 797 1380; x_wconf 72' lang='lat' dir='ltr'>laetale</span> <span class='ocrx_word' id='word_1_61' title='bbox 828 1315 991 1380; x_wconf 80' lang='lat' dir='ltr'>Winedum</span> <span class='ocrx_word' id='word_1_62' title='bbox 1016 1315 1084 1380; x_wconf 79' lang='lat' dir='ltr'>aad</span> <span class='ocrx_word' id='word_1_63' title='bbox 1107 1313 1243 1380; x_wconf 71' lang='lat' dir='ltr'>Seaeam</span> <span class='ocrx_word' id='word_1_64' title='bbox 1266 1313 1333 1378; x_wconf 84' lang='lat' dir='ltr'>and</span> 
     </span>
     <span class='ocr_line' id='line_1_8' title="bbox 207 1427 1332 1514; baseline -0.004 -18"><span class='ocrx_word' id='word_1_65' title='bbox 207 1432 310 1514; x_wconf 74' lang='lat' dir='ltr'>Aaqle</span> <span class='ocrx_word' id='word_1_66' title='bbox 332 1432 398 1496; x_wconf 78' lang='lat' dir='ltr'>aad</span> <span class='ocrx_word' id='word_1_67' title='bbox 419 1430 506 1512; x_wconf 73' lang='lat' dir='ltr'>lryrd</span> <span class='ocrx_word' id='word_1_68' title='bbox 522 1430 557 1493; x_wconf 80' lang='lat' dir='ltr'>in</span> <span class='ocrx_word' id='word_1_69' title='bbox 580 1450 619 1493; x_wconf 83' lang='lat' dir='ltr'>on</span> <span class='ocrx_word' id='word_1_70' title='bbox 644 1427 739 1494; x_wconf 76' lang='lat' dir='ltr'>Dana.</span> <span class='ocrx_word' id='word_1_71' title='bbox 766 1429 819 1492; x_wconf 70' lang='lat' dir='ltr'>aa</span> <span class='ocrx_word' id='word_1_72' title='bbox 843 1428 880 1493; x_wconf 72' lang='lat' dir='ltr'>lae</span> <span class='ocrx_word' id='word_1_73' title='bbox 897 1428 1097 1512; x_wconf 72' lang='lat' dir='ltr'>laiderweard</span> <span class='ocrx_word' id='word_1_74' title='bbox 1115 1427 1332 1512; x_wconf 70' lang='lat' dir='ltr'>aeqlodefram</span> 
     </span>
     <span class='ocr_line' id='line_1_9' title="bbox 207 1539 1332 1629; baseline -0.004 -20"><span class='ocrx_word' id='word_1_75' title='bbox 207 1544 364 1628; x_wconf 73' lang='lat' dir='ltr'>Sciriaqes</span> <span class='ocrx_word' id='word_1_76' title='bbox 398 1544 492 1625; x_wconf 70' lang='lat' dir='ltr'>neele,</span> <span class='ocrx_word' id='word_1_77' title='bbox 523 1546 569 1629; x_wconf 71' lang='grc' dir='ltr'>ῥα</span> <span class='ocrx_word' id='word_1_78' title='bbox 604 1563 677 1608; x_wconf 77' lang='lat' dir='ltr'>wear</span> <span class='ocrx_word' id='word_1_79' title='bbox 711 1541 773 1607; x_wconf 78' lang='lat' dir='ltr'>him</span> <span class='ocrx_word' id='word_1_80' title='bbox 805 1563 845 1607; x_wconf 84' lang='lat' dir='ltr'>on</span> <span class='ocrx_word' id='word_1_81' title='bbox 874 1546 941 1626; x_wconf 74' lang='lat' dir='ltr'>lacet</span> <span class='ocrx_word' id='word_1_82' title='bbox 964 1542 1103 1607; x_wconf 83' lang='lat' dir='ltr'>baecbord</span> <span class='ocrx_word' id='word_1_83' title='bbox 1127 1539 1332 1620; x_wconf 71' lang='lat' dir='ltr'>Damnem,</span> 
     </span>
     <span class='ocr_line' id='line_1_10' title="bbox 207 1656 1335 1743; baseline -0.003 -21"><span class='ocrx_word' id='word_1_84' title='bbox 207 1659 273 1722; x_wconf 78' lang='lat' dir='ltr'>and</span> <span class='ocrx_word' id='word_1_85' title='bbox 293 1679 332 1723; x_wconf 82' lang='lat' dir='ltr'>on</span> <span class='ocrx_word' id='word_1_86' title='bbox 351 1662 418 1743; x_wconf 66' lang='lat' dir='ltr'>prat</span> <span class='ocrx_word' id='word_1_87' title='bbox 440 1658 600 1722; x_wconf 83' lang='lat' dir='ltr'>eteerbord</span> <span class='ocrx_word' id='word_1_88' title='bbox 625 1658 732 1721; x_wconf 81' lang='lat' dir='ltr'>widsoe</span> <span class='ocrx_word' id='word_1_89' title='bbox 755 1661 820 1742; x_wconf 70' lang='lat' dir='ltr'>Jtry</span> <span class='ocrx_word' id='word_1_90' title='bbox 833 1657 1030 1740; x_wconf 74' lang='lat' dir='ltr'>daqae;and</span> <span class='ocrx_word' id='word_1_91' title='bbox 1039 1659 1094 1742; x_wconf 71' lang='lat' dir='ltr'>lae,</span> <span class='ocrx_word' id='word_1_92' title='bbox 1107 1663 1223 1736; x_wconf 74' lang='lat' dir='ltr'>tweyen</span> <span class='ocrx_word' id='word_1_93' title='bbox 1235 1656 1335 1738; x_wconf 74' lang='lat' dir='ltr'>dayes</span> 
     </span>
     <span class='ocr_line' id='line_1_11' title="bbox 208 1769 1333 1857; baseline -0.003 -22"><span class='ocrx_word' id='word_1_94' title='bbox 208 1792 255 1836; x_wconf 74' lang='grc' dir='ltr'>ων</span> <span class='ocrx_word' id='word_1_95' title='bbox 283 1772 319 1836; x_wconf 74' lang='lat' dir='ltr'>lea</span> <span class='ocrx_word' id='word_1_96' title='bbox 344 1777 374 1835; x_wconf 83' lang='lat' dir='ltr'>lo</span> <span class='ocrx_word' id='word_1_97' title='bbox 400 1771 538 1857; x_wconf 70' lang='lat' dir='ltr'>Hoelrum</span> <span class='ocrx_word' id='word_1_98' title='bbox 562 1791 651 1851; x_wconf 79' lang='lat' dir='ltr'>come,</span> <span class='ocrx_word' id='word_1_99' title='bbox 676 1771 739 1835; x_wconf 80' lang='lat' dir='ltr'>irim</span> <span class='ocrx_word' id='word_1_100' title='bbox 762 1791 835 1836; x_wconf 76' lang='lat' dir='ltr'>waes</span> <span class='ocrx_word' id='word_1_101' title='bbox 858 1791 899 1836; x_wconf 83' lang='lat' dir='ltr'>en</span> <span class='ocrx_word' id='word_1_102' title='bbox 921 1773 986 1855; x_wconf 75' lang='lat' dir='ltr'>luat</span> <span class='ocrx_word' id='word_1_103' title='bbox 1009 1770 1168 1834; x_wconf 83' lang='lat' dir='ltr'>ateorberd</span> <span class='ocrx_word' id='word_1_104' title='bbox 1192 1769 1333 1834; x_wconf 81' lang='lat' dir='ltr'>Gelland</span> 
     </span>
     <span class='ocr_line' id='line_1_12' title="bbox 208 1882 1332 1969; baseline -0.002 -21"><span class='ocrx_word' id='word_1_105' title='bbox 208 1885 275 1949; x_wconf 81' lang='lat' dir='ltr'>aad</span> <span class='ocrx_word' id='word_1_106' title='bbox 308 1884 455 1966; x_wconf 66' lang='lat' dir='ltr'>Sillenda</span> <span class='ocrx_word' id='word_1_107' title='bbox 488 1885 557 1950; x_wconf 80' lang='lat' dir='ltr'>aad</span> <span class='ocrx_word' id='word_1_108' title='bbox 590 1885 720 1967; x_wconf 75' lang='lat' dir='ltr'>iylanda</span> <span class='ocrx_word' id='word_1_109' title='bbox 742 1885 817 1969; x_wconf 73' lang='lat' dir='ltr'>fala.</span> <span class='ocrx_word' id='word_1_110' title='bbox 845 1883 892 1950; x_wconf 84' lang='lat' dir='ltr'>On</span> <span class='ocrx_word' id='word_1_111' title='bbox 913 1887 995 1969; x_wconf 73' lang='lat' dir='ltr'>laram</span> <span class='ocrx_word' id='word_1_112' title='bbox 1020 1883 1150 1948; x_wconf 74' lang='lat' dir='ltr'>laudm</span> <span class='ocrx_word' id='word_1_113' title='bbox 1173 1882 1332 1948; x_wconf 82' lang='lat' dir='ltr'>eardeden</span> 
     </span>
     <span class='ocr_line' id='line_1_13' title="bbox 208 1995 1329 2082; baseline -0.004 -20"><span class='ocrx_word' id='word_1_114' title='bbox 208 1997 319 2082; x_wconf 65' lang='lat' dir='ltr'>Ennia,</span> <span class='ocrx_word' id='word_1_115' title='bbox 353 2018 399 2062; x_wconf 74' lang='lat' dir='ltr'>aar</span> <span class='ocrx_word' id='word_1_116' title='bbox 428 1998 462 2061; x_wconf 83' lang='lat' dir='ltr'>ln‘</span> <span class='ocrx_word' id='word_1_117' title='bbox 492 1999 581 2062; x_wconf 69' lang='lat' dir='ltr'>nider</span> <span class='ocrx_word' id='word_1_118' title='bbox 611 2018 652 2062; x_wconf 82' lang='lat' dir='ltr'>en</span> <span class='ocrx_word' id='word_1_119' title='bbox 676 1998 753 2062; x_wconf 85' lang='lat' dir='ltr'>land</span> <span class='ocrx_word' id='word_1_120' title='bbox 774 2017 892 2062; x_wconf 82' lang='lat' dir='ltr'>noman.</span> <span class='ocrx_word' id='word_1_121' title='bbox 917 1996 1083 2062; x_wconf 88' lang='lat' dir='ltr'>Postremo</span> <span class='ocrx_word' id='word_1_122' title='bbox 1107 1995 1231 2060; x_wconf 82' lang='lat' dir='ltr'>Nannro</span> <span class='ocrx_word' id='word_1_123' title='bbox 1256 2014 1329 2059; x_wconf 85' lang='lat' dir='ltr'>aue-</span> 
     </span>
     <span class='ocr_line' id='line_1_14' title="bbox 211 2108 1331 2196; baseline -0.003 -21"><span class='ocrx_word' id='word_1_124' title='bbox 211 2108 314 2190; x_wconf 75' lang='lat' dir='ltr'>tere³l</span> <span class='ocrx_word' id='word_1_125' title='bbox 350 2111 529 2196; x_wconf 85' lang='lat' dir='ltr'>Hengistus</span> <span class='ocrx_word' id='word_1_126' title='bbox 564 2132 637 2175; x_wconf 86' lang='lat' dir='ltr'>eum</span> <span class='ocrx_word' id='word_1_127' title='bbox 671 2114 739 2176; x_wconf 80' lang='lat' dir='ltr'>suis</span> <span class='ocrx_word' id='word_1_128' title='bbox 763 2117 894 2175; x_wconf 84' lang='lat' dir='ltr'>venerat</span> <span class='ocrx_word' id='word_1_129' title='bbox 917 2112 957 2175; x_wconf 90' lang='lat' dir='ltr'>de</span> <span class='ocrx_word' id='word_1_130' title='bbox 979 2111 1087 2175; x_wconf 85' lang='lat' dir='ltr'>insula</span> <span class='ocrx_word' id='word_1_131' title='bbox 1111 2109 1250 2192; x_wconf 83' lang='lat' dir='ltr'>Oghhul,</span> <span class='ocrx_word' id='word_1_132' title='bbox 1274 2129 1331 2193; x_wconf 86' lang='lat' dir='ltr'>pro</span> 
     </span>
     <span class='ocr_line' id='line_1_15' title="bbox 212 2225 933 2308; baseline 0.001 -21"><span class='ocrx_word' id='word_1_133' title='bbox 212 2244 277 2308; x_wconf 91' lang='lat' dir='ltr'>quo</span> <span class='ocrx_word' id='word_1_134' title='bbox 301 2227 431 2288; x_wconf 90' lang='lat' dir='ltr'>nomine</span> <span class='ocrx_word' id='word_1_135' title='bbox 455 2229 543 2289; x_wconf 88' lang='lat' dir='ltr'>varia</span> <span class='ocrx_word' id='word_1_136' title='bbox 566 2231 671 2289; x_wconf 85' lang='lat' dir='ltr'>exstat</span> <span class='ocrx_word' id='word_1_137' title='bbox 696 2226 789 2290; x_wconf 84' lang='lat' dir='ltr'>lectio</span> <span class='ocrx_word' id='word_1_138' title='bbox 814 2225 933 2307; x_wconf 85' lang='lat' dir='ltr'>Angul.</span> 
     </span>
    </p>

    <p class='ocr_par' dir='ltr' id='par_1_4' title="bbox 209 2335 1333 3558">
     <span class='ocr_line' id='line_1_16' title="bbox 253 2335 1328 2418; baseline -0.001 -18"><span class='ocrx_word' id='word_1_139' title='bbox 253 2337 352 2402; x_wconf 88' lang='lat' dir='ltr'>Trans</span> <span class='ocrx_word' id='word_1_140' title='bbox 388 2339 497 2402; x_wconf 82' lang='lat' dir='ltr'><strong>Albim</strong></span> <span class='ocrx_word' id='word_1_141' title='bbox 535 2338 680 2402; x_wconf 90' lang='lat' dir='ltr'>habitant</span> <span class='ocrx_word' id='word_1_142' title='bbox 714 2338 856 2404; x_wconf 85' lang='lat' dir='ltr'>Aelfredi</span> <span class='ocrx_word' id='word_1_143' title='bbox 892 2336 1047 2418; x_wconf 77' lang='lat' dir='ltr'>Saxones,</span> <span class='ocrx_word' id='word_1_144' title='bbox 1081 2343 1112 2401; x_wconf 88' lang='lat' dir='ltr'>et</span> <span class='ocrx_word' id='word_1_145' title='bbox 1144 2335 1183 2400; x_wconf 91' lang='lat' dir='ltr'>ab</span> <span class='ocrx_word' id='word_1_146' title='bbox 1216 2338 1265 2400; x_wconf 89' lang='lat' dir='ltr'>his</span> <span class='ocrx_word' id='word_1_147' title='bbox 1289 2337 1328 2400; x_wconf 92' lang='lat' dir='ltr'>ad</span> 
     </span>
     <span class='ocr_line' id='line_1_17' title="bbox 209 2449 1332 2536; baseline -0.002 -22"><span class='ocrx_word' id='word_1_148' title='bbox 209 2451 336 2515; x_wconf 90' lang='lat' dir='ltr'>boream</span> <span class='ocrx_word' id='word_1_149' title='bbox 372 2459 402 2516; x_wconf 88' lang='lat' dir='ltr'>et</span> <span class='ocrx_word' id='word_1_150' title='bbox 439 2472 587 2516; x_wconf 78' lang='lat' dir='ltr'>occasum</span> <span class='ocrx_word' id='word_1_151' title='bbox 624 2453 740 2536; x_wconf 82' lang='lat' dir='ltr'>Angli3</span> <span class='ocrx_word' id='word_1_152' title='bbox 772 2453 855 2515; x_wconf 88' lang='lat' dir='ltr'>inter</span> <span class='ocrx_word' id='word_1_153' title='bbox 886 2450 1029 2515; x_wconf 80' lang='lat' dir='ltr'>Saxones</span> <span class='ocrx_word' id='word_1_154' title='bbox 1053 2461 1083 2515; x_wconf 85' lang='lat' dir='ltr'>at</span> <span class='ocrx_word' id='word_1_155' title='bbox 1106 2451 1201 2514; x_wconf 74' lang='lat' dir='ltr'>tutas</span> <span class='ocrx_word' id='word_1_156' title='bbox 1226 2449 1332 2514; x_wconf 93' lang='lat' dir='ltr'>Bedae</span> 
     </span>
     <span class='ocr_line' id='line_1_18' title="bbox 209 2563 1330 2648; baseline 0 -22"><span class='ocrx_word' id='word_1_157' title='bbox 209 2565 318 2647; x_wconf 85' lang='lat' dir='ltr'><strong>Angli.</strong></span> <span class='ocrx_word' id='word_1_158' title='bbox 353 2565 426 2627; x_wconf 83' lang='lat' dir='ltr'>Vox</span> <span class='ocrx_word' id='word_1_159' title='bbox 465 2571 624 2628; x_wconf 75' lang='lat' dir='ltr'>weelnere</span> <span class='ocrx_word' id='word_1_160' title='bbox 659 2564 738 2648; x_wconf 91' lang='lat' dir='ltr'>quid</span> <span class='ocrx_word' id='word_1_161' title='bbox 774 2564 834 2629; x_wconf 84' lang='lat' dir='ltr'>sibi</span> <span class='ocrx_word' id='word_1_162' title='bbox 872 2565 922 2626; x_wconf 88' lang='lat' dir='ltr'>hie</span> <span class='ocrx_word' id='word_1_163' title='bbox 958 2565 1043 2646; x_wconf 82' lang='lat' dir='ltr'>velit,</span> <span class='ocrx_word' id='word_1_164' title='bbox 1074 2583 1136 2628; x_wconf 91' lang='lat' dir='ltr'>non</span> <span class='ocrx_word' id='word_1_165' title='bbox 1162 2563 1330 2646; x_wconf 80' lang='lat' dir='ltr'>intelleg03</span> 
     </span>
     <span class='ocr_line' id='line_1_19' title="bbox 211 2677 1331 2762; baseline -0.001 -21"><span class='ocrx_word' id='word_1_166' title='bbox 211 2678 296 2760; x_wconf 91' lang='lat' dir='ltr'>quod</span> <span class='ocrx_word' id='word_1_167' title='bbox 323 2697 397 2741; x_wconf 86' lang='lat' dir='ltr'>vero</span> <span class='ocrx_word' id='word_1_168' title='bbox 421 2678 461 2741; x_wconf 90' lang='lat' dir='ltr'>ad</span> <span class='ocrx_word' id='word_1_169' title='bbox 485 2698 644 2742; x_wconf 84' lang='lat' dir='ltr'>summam</span> <span class='ocrx_word' id='word_1_170' title='bbox 670 2697 734 2742; x_wconf 90' lang='lat' dir='ltr'>rem</span> <span class='ocrx_word' id='word_1_171' title='bbox 760 2681 882 2756; x_wconf 80' lang='lat' dir='ltr'><strong>attinet,</strong></span> <span class='ocrx_word' id='word_1_172' title='bbox 906 2685 936 2742; x_wconf 88' lang='lat' dir='ltr'>et</span> <span class='ocrx_word' id='word_1_173' title='bbox 960 2678 1044 2762; x_wconf 90' lang='lat' dir='ltr'>apud</span> <span class='ocrx_word' id='word_1_174' title='bbox 1068 2677 1189 2741; x_wconf 89' lang='lat' dir='ltr'>Bedam</span> <span class='ocrx_word' id='word_1_175' title='bbox 1203 2683 1234 2741; x_wconf 90' lang='lat' dir='ltr'>et</span> <span class='ocrx_word' id='word_1_176' title='bbox 1246 2678 1331 2761; x_wconf 91' lang='lat' dir='ltr'>apud</span> 
     </span>
     <span class='ocr_line' id='line_1_20' title="bbox 209 2791 1333 2876; baseline 0.002 -22"><span class='ocrx_word' id='word_1_177' title='bbox 209 2791 395 2855; x_wconf 84' lang='lat' dir='ltr'>Aelfredum</span> <span class='ocrx_word' id='word_1_178' title='bbox 433 2793 473 2855; x_wconf 92' lang='lat' dir='ltr'>de</span> <span class='ocrx_word' id='word_1_179' title='bbox 506 2792 561 2854; x_wconf 90' lang='lat' dir='ltr'>illa</span> <span class='ocrx_word' id='word_1_180' title='bbox 585 2794 714 2875; x_wconf 83' lang='lat' dir='ltr'>regione</span> <span class='ocrx_word' id='word_1_181' title='bbox 738 2794 816 2876; x_wconf 90' lang='lat' dir='ltr'>quin</span> <span class='ocrx_word' id='word_1_182' title='bbox 841 2799 964 2875; x_wconf 87' lang='lat' dir='ltr'>agatur,</span> <span class='ocrx_word' id='word_1_183' title='bbox 988 2811 1070 2876; x_wconf 87' lang='lat' dir='ltr'>quae</span> <span class='ocrx_word' id='word_1_184' title='bbox 1093 2810 1180 2855; x_wconf 83' lang='lat' dir='ltr'>nune</span> <span class='ocrx_word' id='word_1_185' title='bbox 1204 2811 1333 2875; x_wconf 88' lang='lat' dir='ltr'>quoque</span> 
     </span>
     <span class='ocr_line' id='line_1_21' title="bbox 209 2904 1332 2989; baseline 0.003 -22"><span class='ocrx_word' id='word_1_186' title='bbox 209 2904 336 2988; x_wconf 85' lang='lat' dir='ltr'>Angeln</span> <span class='ocrx_word' id='word_1_187' title='bbox 364 2912 498 2968; x_wconf 84' lang='lat' dir='ltr'>vocatur</span> <span class='ocrx_word' id='word_1_188' title='bbox 520 2907 604 2969; x_wconf 89' lang='lat' dir='ltr'>inter</span> <span class='ocrx_word' id='word_1_189' title='bbox 627 2905 725 2970; x_wconf 88' lang='lat' dir='ltr'>Sliam</span> <span class='ocrx_word' id='word_1_190' title='bbox 751 2913 782 2970; x_wconf 87' lang='lat' dir='ltr'>et</span> <span class='ocrx_word' id='word_1_191' title='bbox 805 2905 1042 2989; x_wconf 85' lang='lat' dir='ltr'>Flensbnrgum</span> <span class='ocrx_word' id='word_1_192' title='bbox 1068 2909 1136 2986; x_wconf 77' lang='lat' dir='ltr'>sita,</span> <span class='ocrx_word' id='word_1_193' title='bbox 1159 2925 1259 2974; x_wconf 70' lang='lat' dir='ltr'>neme,</span> <span class='ocrx_word' id='word_1_194' title='bbox 1274 2907 1332 2970; x_wconf 90' lang='lat' dir='ltr'>du·</span> 
     </span>
     <span class='ocr_line' id='line_1_22' title="bbox 210 3017 1333 3100; baseline 0.003 -20"><span class='ocrx_word' id='word_1_195' title='bbox 210 3018 295 3081; x_wconf 91' lang='lat' dir='ltr'>bitat.</span> <span class='ocrx_word' id='word_1_196' title='bbox 322 3017 498 3082; x_wconf 89' lang='lat' dir='ltr'>Dubitatur</span> <span class='ocrx_word' id='word_1_197' title='bbox 521 3021 752 3100; x_wconf 76' lang='lat' dir='ltr'>tantummodo,</span> <span class='ocrx_word' id='word_1_198' title='bbox 778 3028 885 3083; x_wconf 88' lang='lat' dir='ltr'>utrum</span> <span class='ocrx_word' id='word_1_199' title='bbox 911 3040 1022 3084; x_wconf 85' lang='lat' dir='ltr'>revera</span> <span class='ocrx_word' id='word_1_200' title='bbox 1047 3021 1097 3083; x_wconf 86' lang='lat' dir='ltr'>hic</span> <span class='ocrx_word' id='word_1_201' title='bbox 1122 3019 1333 3084; x_wconf 87' lang='lat' dir='ltr'>habitaverint</span> 
     </span>
     <span class='ocr_line' id='line_1_23' title="bbox 211 3132 1332 3217; baseline 0.003 -24"><span class='ocrx_word' id='word_1_202' title='bbox 211 3132 334 3213; x_wconf 65' lang='lat' dir='ltr'>Angli.</span> <span class='ocrx_word' id='word_1_203' title='bbox 354 3152 404 3213; x_wconf 83' lang='lat' dir='ltr'>an,</span> <span class='ocrx_word' id='word_1_204' title='bbox 429 3140 464 3195; x_wconf 91' lang='lat' dir='ltr'>ut</span> <span class='ocrx_word' id='word_1_205' title='bbox 488 3133 637 3196; x_wconf 82' lang='lat' dir='ltr'>Zanssres</span> <span class='ocrx_word' id='word_1_206' title='bbox 663 3132 870 3216; x_wconf 80' lang='lat' dir='ltr'>perhibuit⁴)‚</span> <span class='ocrx_word' id='word_1_207' title='bbox 895 3143 966 3217; x_wconf 86' lang='lat' dir='ltr'>post</span> <span class='ocrx_word' id='word_1_208' title='bbox 991 3133 1175 3196; x_wconf 82' lang='lat' dir='ltr'>Britanniae</span> <span class='ocrx_word' id='word_1_209' title='bbox 1199 3153 1332 3216; x_wconf 82' lang='lat' dir='ltr'>occupa·</span> 
     </span>
     <span class='ocr_line' id='line_1_24' title="bbox 209 3246 1331 3330; baseline 0.003 -23"><span class='ocrx_word' id='word_1_210' title='bbox 209 3247 327 3308; x_wconf 87' lang='lat' dir='ltr'>tionem</span> <span class='ocrx_word' id='word_1_211' title='bbox 365 3246 493 3310; x_wconf 91' lang='lat' dir='ltr'>demum</span> <span class='ocrx_word' id='word_1_212' title='bbox 531 3247 629 3330; x_wconf 84' lang='lat' dir='ltr'>Angli</span> <span class='ocrx_word' id='word_1_213' title='bbox 665 3247 843 3310; x_wconf 84' lang='lat' dir='ltr'>Britannici</span> <span class='ocrx_word' id='word_1_214' title='bbox 879 3249 918 3311; x_wconf 91' lang='lat' dir='ltr'>ad</span> <span class='ocrx_word' id='word_1_215' title='bbox 954 3249 1036 3311; x_wconf 85' lang='lat' dir='ltr'>hane</span> <span class='ocrx_word' id='word_1_216' title='bbox 1071 3255 1198 3328; x_wconf 82' lang='lat' dir='ltr'>terram,</span> <span class='ocrx_word' id='word_1_217' title='bbox 1221 3247 1331 3311; x_wconf 86' lang='lat' dir='ltr'>eodem</span> 
     </span>
     <span class='ocr_line' id='line_1_25' title="bbox 210 3359 1333 3444; baseline 0.003 -23"><span class='ocrx_word' id='word_1_218' title='bbox 210 3360 339 3422; x_wconf 90' lang='lat' dir='ltr'>nomine</span> <span class='ocrx_word' id='word_1_219' title='bbox 363 3360 563 3442; x_wconf 78' lang='lat' dir='ltr'>appellatam,</span> <span class='ocrx_word' id='word_1_220' title='bbox 587 3361 745 3442; x_wconf 86' lang='lat' dir='ltr'>pertinere</span> <span class='ocrx_word' id='word_1_221' title='bbox 770 3362 855 3424; x_wconf 84' lang='lat' dir='ltr'>credi</span> <span class='ocrx_word' id='word_1_222' title='bbox 880 3366 984 3444; x_wconf 80' lang='lat' dir='ltr'>coepti</span> <span class='ocrx_word' id='word_1_223' title='bbox 1007 3363 1078 3424; x_wconf 86' lang='lat' dir='ltr'>sint.</span> <span class='ocrx_word' id='word_1_224' title='bbox 1100 3359 1183 3443; x_wconf 88' lang='lat' dir='ltr'>Ipsis</span> <span class='ocrx_word' id='word_1_225' title='bbox 1203 3359 1290 3424; x_wconf 91' lang='lat' dir='ltr'>Beda</span> <span class='ocrx_word' id='word_1_226' title='bbox 1303 3367 1333 3424; x_wconf 89' lang='lat' dir='ltr'>et</span> 
     </span>
     <span class='ocr_line' id='line_1_26' title="bbox 210 3473 1333 3558; baseline -0.001 -22"><span class='ocrx_word' id='word_1_227' title='bbox 210 3473 359 3537; x_wconf 84' lang='lat' dir='ltr'>Aelfredo</span> <span class='ocrx_word' id='word_1_228' title='bbox 383 3473 570 3537; x_wconf 81' lang='lat' dir='ltr'>auctoribus</span> <span class='ocrx_word' id='word_1_229' title='bbox 582 3477 724 3556; x_wconf 89' lang='lat' dir='ltr'>ipsorum</span> <span class='ocrx_word' id='word_1_230' title='bbox 739 3481 841 3538; x_wconf 85' lang='lat' dir='ltr'>aetate</span> <span class='ocrx_word' id='word_1_231' title='bbox 853 3494 916 3537; x_wconf 88' lang='lat' dir='ltr'>nen</span> <span class='ocrx_word' id='word_1_232' title='bbox 931 3475 1069 3558; x_wconf 86' lang='lat' dir='ltr'>amplius</span> <span class='ocrx_word' id='word_1_233' title='bbox 1083 3474 1200 3555; x_wconf 86' lang='lat' dir='ltr'>Anglia</span> <span class='ocrx_word' id='word_1_234' title='bbox 1213 3473 1333 3536; x_wconf 88' lang='lat' dir='ltr'>habita-</span> 
     </span>
    </p>
   </div>
   <div class='ocr_carea' id='block_1_4' title="bbox 209 3781 1332 3848">
    <p class='ocr_par' dir='ltr' id='par_1_5' title="bbox 209 3781 1332 3848">
     <span class='ocr_line' id='line_1_27' title="bbox 209 3781 1332 3848; baseline 0.001 -16"><span class='ocrx_word' id='word_1_235' title='bbox 209 3781 361 3843; x_wconf 84' lang='lat' dir='ltr'>Germania,</span> <span class='ocrx_word' id='word_1_236' title='bbox 386 3785 414 3832; x_wconf 87' lang='lat' dir='ltr'>ol</span> <span class='ocrx_word' id='word_1_237' title='bbox 439 3781 615 3844; x_wconf 78' lang='lat' dir='ltr'>AldSeaxurn,</span> <span class='ocrx_word' id='word_1_238' title='bbox 639 3783 668 3831; x_wconf 88' lang='lat' dir='ltr'>ol</span> <span class='ocrx_word' id='word_1_239' title='bbox 697 3782 824 3845; x_wconf 80' lang='lat' dir='ltr'>Anglurn‚</span> <span class='ocrx_word' id='word_1_240' title='bbox 849 3783 878 3831; x_wconf 83' lang='lat' dir='ltr'>ol</span> <span class='ocrx_word' id='word_1_241' title='bbox 902 3782 1057 3832; x_wconf 60' lang='lat' dir='ltr'>lotura...</span> <span class='ocrx_word' id='word_1_242' title='bbox 1085 3781 1120 3832; x_wconf 87' lang='lat' dir='ltr'>Os</span> <span class='ocrx_word' id='word_1_243' title='bbox 1136 3782 1220 3848; x_wconf 71' lang='lat' dir='ltr'>Angla</span> <span class='ocrx_word' id='word_1_244' title='bbox 1238 3797 1332 3833; x_wconf 86' lang='lat' dir='ltr'>comen</span> 
     </span>
    </p>
   </div>
   <div class='ocr_carea' id='block_1_5' title="bbox 209 3875 1333 4587">
    <p class='ocr_par' dir='ltr' id='par_1_6' title="bbox 209 3875 1333 4037">
     <span class='ocr_line' id='line_1_28' title="bbox 209 3875 1333 3945; baseline 0.001 -15"><span class='ocrx_word' id='word_1_245' title='bbox 209 3896 237 3930; x_wconf 87' lang='lat' dir='ltr'>se</span> <span class='ocrx_word' id='word_1_246' title='bbox 264 3881 279 3929; x_wconf 76' lang='lat' dir='ltr'>a</span> <span class='ocrx_word' id='word_1_247' title='bbox 305 3875 407 3944; x_wconf 73' lang='lat' dir='ltr'>syndan</span> <span class='ocrx_word' id='word_1_248' title='bbox 434 3881 490 3930; x_wconf 84' lang='lat' dir='ltr'>stod</span> <span class='ocrx_word' id='word_1_249' title='bbox 521 3881 614 3945; x_wconf 83' lang='lat' dir='ltr'>westig</span> <span class='ocrx_word' id='word_1_250' title='bbox 640 3880 736 3932; x_wconf 82' lang='lat' dir='ltr'>belwix</span> <span class='ocrx_word' id='word_1_251' title='bbox 756 3881 919 3931; x_wconf 70' lang='lat' dir='ltr'>ratumena</span> <span class='ocrx_word' id='word_1_252' title='bbox 938 3881 1122 3943; x_wconf 84' lang='lat' dir='ltr'>Seaxum.(ad</span> <span class='ocrx_word' id='word_1_253' title='bbox 1143 3880 1333 3943; x_wconf 77' lang='lat' dir='ltr'>annum449).</span> 
     </span>
     <span class='ocr_line' id='line_1_29' title="bbox 210 3972 1274 4037; baseline 0 -15"><span class='ocrx_word' id='word_1_254' title='bbox 210 3973 230 4022; x_wconf 78' lang='grc' dir='ltr'><strong>Α</strong></span> <span class='ocrx_word' id='word_1_255' title='bbox 249 3973 319 4022; x_wconf 84' lang='lat' dir='ltr'>Beda</span> <span class='ocrx_word' id='word_1_256' title='bbox 336 3973 401 4022; x_wconf 85' lang='lat' dir='ltr'>haee</span> <span class='ocrx_word' id='word_1_257' title='bbox 419 3972 501 4034; x_wconf 86' lang='lat' dir='ltr'>petita</span> <span class='ocrx_word' id='word_1_258' title='bbox 519 3987 577 4022; x_wconf 86' lang='lat' dir='ltr'>esse</span> <span class='ocrx_word' id='word_1_259' title='bbox 595 3978 621 4022; x_wconf 88' lang='lat' dir='ltr'>et</span> <span class='ocrx_word' id='word_1_260' title='bbox 640 3973 685 4022; x_wconf 89' lang='lat' dir='ltr'>alii</span> <span class='ocrx_word' id='word_1_261' title='bbox 704 3973 900 4023; x_wconf 85' lang='lat' dir='ltr'>contenderunt</span> <span class='ocrx_word' id='word_1_262' title='bbox 918 3977 945 4022; x_wconf 84' lang='lat' dir='ltr'>et</span> <span class='ocrx_word' id='word_1_263' title='bbox 960 3973 1093 4023; x_wconf 78' lang='lat' dir='ltr'>Bannann</span> <span class='ocrx_word' id='word_1_264' title='bbox 1111 3974 1159 4036; x_wconf 85' lang='lat' dir='ltr'>(ll.</span> <span class='ocrx_word' id='word_1_265' title='bbox 1178 3988 1202 4037; x_wconf 89' lang='lat' dir='ltr'>p.</span> <span class='ocrx_word' id='word_1_266' title='bbox 1221 3972 1274 4037; x_wconf 84' lang='lat'>17).</span> 
     </span>
    </p>

    <p class='ocr_par' dir='ltr' id='par_1_7' title="bbox 243 4061 600 4127">
     <span class='ocr_line' id='line_1_30' title="bbox 243 4061 600 4127; baseline 0.003 -15"><span class='ocrx_word' id='word_1_267' title='bbox 243 4062 270 4124; x_wconf 87' lang='lat' dir='ltr'>l)</span> <span class='ocrx_word' id='word_1_268' title='bbox 288 4062 334 4112; x_wconf 88' lang='lat' dir='ltr'>Ed.</span> <span class='ocrx_word' id='word_1_269' title='bbox 352 4061 457 4127; x_wconf 76' lang='lat' dir='ltr'>swan,</span> <span class='ocrx_word' id='word_1_270' title='bbox 476 4062 494 4126; x_wconf 88' lang='lat' dir='ltr'>l,</span> <span class='ocrx_word' id='word_1_271' title='bbox 512 4077 537 4126; x_wconf 87' lang='lat' dir='ltr'>p.</span> <span class='ocrx_word' id='word_1_272' title='bbox 561 4061 600 4113; x_wconf 83' lang='lat'>16.</span> 
     </span>
    </p>

    <p class='ocr_par' dir='ltr' id='par_1_8' title="bbox 243 4152 468 4218">
     <span class='ocr_line' id='line_1_31' title="bbox 243 4152 468 4218; baseline 0.004 -16"><span class='ocrx_word' id='word_1_273' title='bbox 243 4153 271 4218; x_wconf 76' lang='lat'>2)</span> <span class='ocrx_word' id='word_1_274' title='bbox 290 4153 364 4216; x_wconf 89' lang='lat' dir='ltr'>lhid.‚</span> <span class='ocrx_word' id='word_1_275' title='bbox 383 4169 408 4216; x_wconf 88' lang='lat' dir='ltr'>p.</span> <span class='ocrx_word' id='word_1_276' title='bbox 427 4152 468 4203; x_wconf 80' lang='lat'>19.</span> 
     </span>
    </p>

    <p class='ocr_par' dir='ltr' id='par_1_9' title="bbox 210 4244 1332 4401">
     <span class='ocr_line' id='line_1_32' title="bbox 243 4244 1332 4309; baseline 0.002 -14"><span class='ocrx_word' id='word_1_277' title='bbox 243 4245 270 4306; x_wconf 89' lang='grc'>3)</span> <span class='ocrx_word' id='word_1_278' title='bbox 290 4245 357 4294; x_wconf 88' lang='lat' dir='ltr'>Hist.</span> <span class='ocrx_word' id='word_1_279' title='bbox 376 4245 441 4294; x_wconf 85' lang='lat' dir='ltr'>Brit.</span> <span class='ocrx_word' id='word_1_280' title='bbox 459 4261 480 4295; x_wconf 91' lang='lat' dir='ltr'>c.</span> <span class='ocrx_word' id='word_1_281' title='bbox 498 4244 539 4295; x_wconf 84' lang='lat'>37.</span> <span class='ocrx_word' id='word_1_282' title='bbox 557 4245 664 4296; x_wconf 88' lang='lat' dir='ltr'>Nullius</span> <span class='ocrx_word' id='word_1_283' title='bbox 683 4246 762 4309; x_wconf 85' lang='lat' dir='ltr'>pretii</span> <span class='ocrx_word' id='word_1_284' title='bbox 780 4247 856 4296; x_wconf 89' lang='lat' dir='ltr'>nohis</span> <span class='ocrx_word' id='word_1_285' title='bbox 874 4251 913 4296; x_wconf 87' lang='lat' dir='ltr'>est</span> <span class='ocrx_word' id='word_1_286' title='bbox 932 4248 1049 4298; x_wconf 83' lang='lat' dir='ltr'>Aellredi</span> <span class='ocrx_word' id='word_1_287' title='bbox 1069 4248 1154 4297; x_wconf 85' lang='lat' dir='ltr'>versio</span> <span class='ocrx_word' id='word_1_288' title='bbox 1174 4247 1267 4309; x_wconf 75' lang='lat' dir='ltr'>Bartae,</span> <span class='ocrx_word' id='word_1_289' title='bbox 1287 4249 1332 4297; x_wconf 92' lang='lat' dir='ltr'>ubi</span> 
     </span>
     <span class='ocr_line' id='line_1_33' title="bbox 210 4335 1299 4401; baseline 0.002 -15"><span class='ocrx_word' id='word_1_290' title='bbox 210 4337 290 4386; x_wconf 87' lang='lat' dir='ltr'>verba</span> <span class='ocrx_word' id='word_1_291' title='bbox 309 4335 517 4400; x_wconf 81' lang='lat' dir='ltr'>Anglosaronica</span> <span class='ocrx_word' id='word_1_292' title='bbox 536 4352 596 4386; x_wconf 83' lang='lat' dir='ltr'>curn</span> <span class='ocrx_word' id='word_1_293' title='bbox 617 4337 704 4386; x_wconf 88' lang='lat' dir='ltr'>verbis</span> <span class='ocrx_word' id='word_1_294' title='bbox 723 4337 823 4387; x_wconf 85' lang='lat' dir='ltr'>Latinis</span> <span class='ocrx_word' id='word_1_295' title='bbox 842 4339 899 4387; x_wconf 83' lang='lat' dir='ltr'>sine</span> <span class='ocrx_word' id='word_1_296' title='bbox 920 4339 973 4387; x_wconf 89' lang='lat' dir='ltr'>ulla</span> <span class='ocrx_word' id='word_1_297' title='bbox 992 4338 1120 4387; x_wconf 86' lang='lat' dir='ltr'>verietate</span> <span class='ocrx_word' id='word_1_298' title='bbox 1138 4345 1299 4401; x_wconf 73' lang='lat' dir='ltr'>congruunt.</span> 
     </span>
    </p>

    <p class='ocr_par' dir='ltr' id='par_1_10' title="bbox 210 4425 1332 4587">
     <span class='ocr_line' id='line_1_34' title="bbox 242 4425 1332 4491; baseline 0.003 -15"><span class='ocrx_word' id='word_1_299' title='bbox 242 4427 270 4491; x_wconf 80' lang='lat' dir='ltr'>l)</span> <span class='ocrx_word' id='word_1_300' title='bbox 289 4427 323 4476; x_wconf 78' lang='lat' dir='ltr'>ll,</span> <span class='ocrx_word' id='word_1_301' title='bbox 342 4441 367 4490; x_wconf 88' lang='lat' dir='ltr'>p.</span> <span class='ocrx_word' id='word_1_302' title='bbox 385 4425 446 4476; x_wconf 75' lang='lat'><strong>496:</strong></span> <span class='ocrx_word' id='word_1_303' title='bbox 467 4428 574 4477; x_wconf 77' lang='lat' dir='ltr'>»Dieser</span> <span class='ocrx_word' id='word_1_304' title='bbox 592 4429 676 4478; x_wconf 86' lang='lat' dir='ltr'>Name</span> <span class='ocrx_word' id='word_1_305' title='bbox 691 4429 726 4478; x_wconf 85' lang='lat' dir='ltr'>ist</span> <span class='ocrx_word' id='word_1_306' title='bbox 746 4429 814 4478; x_wconf 86' lang='lat' dir='ltr'>wohl</span> <span class='ocrx_word' id='word_1_307' title='bbox 832 4435 887 4478; x_wconf 86' lang='lat' dir='ltr'>erst</span> <span class='ocrx_word' id='word_1_308' title='bbox 906 4444 955 4478; x_wconf 85' lang='lat' dir='ltr'>aus</span> <span class='ocrx_word' id='word_1_309' title='bbox 973 4428 1263 4480; x_wconf 84' lang='lat' dir='ltr'>Schillernaelnichten</span> <span class='ocrx_word' id='word_1_310' title='bbox 1284 4431 1332 4480; x_wconf 85' lang='lat' dir='ltr'>rnit</span> 
     </span>
     <span class='ocr_line' id='line_1_35' title="bbox 210 4519 1233 4587; baseline 0.002 -17"><span class='ocrx_word' id='word_1_311' title='bbox 210 4521 270 4570; x_wconf 88' lang='lat' dir='ltr'>dern</span> <span class='ocrx_word' id='word_1_312' title='bbox 290 4519 392 4570; x_wconf 85' lang='lat' dir='ltr'>Namen</span> <span class='ocrx_word' id='word_1_313' title='bbox 413 4522 467 4571; x_wconf 91' lang='lat' dir='ltr'>und</span> <span class='ocrx_word' id='word_1_314' title='bbox 486 4521 546 4570; x_wconf 87' lang='lat' dir='ltr'>dem</span> <span class='ocrx_word' id='word_1_315' title='bbox 566 4521 636 4584; x_wconf 77' lang='lat' dir='ltr'>Zuge</span> <span class='ocrx_word' id='word_1_316' title='bbox 654 4521 701 4570; x_wconf 87' lang='lat' dir='ltr'>der</span> <span class='ocrx_word' id='word_1_317' title='bbox 720 4521 823 4586; x_wconf 80' lang='lat' dir='ltr'>Angeln</span> <span class='ocrx_word' id='word_1_318' title='bbox 842 4521 869 4569; x_wconf 90' lang='lat' dir='ltr'>in</span> <span class='ocrx_word' id='word_1_319' title='bbox 889 4520 1063 4587; x_wconf 78' lang='lat' dir='ltr'>Verbindung</span> <span class='ocrx_word' id='word_1_320' title='bbox 1081 4522 1233 4585; x_wconf 80' lang='lat' dir='ltr'>gebracht.&#39;&#39;</span> 
     </span>
    </p>
   </div>
   <div class='ocr_carea' id='block_1_6' title="bbox 0 0 1634 5296">
    <p class='ocr_par' dir='ltr' id='par_1_11' title="bbox 0 0 1634 5296">
     <span class='ocr_line' id='line_1_36' title="bbox 0 0 1634 5296; baseline 0 0"><span class='ocrx_word' id='word_1_321' title='bbox 0 0 1634 5296; x_wconf 95' lang='lat' dir='ltr'> </span> 
     </span>
    </p>
   </div>
  </div>
 </body>
</html>
