3244 5296
707 511 770 573 143

222 696 410 780 „Saxones”
444 697 601 781 quosdam
634 696 773 761 insulam
799 697 886 760 illam
910 715 1084 780 occupasse
1110 696 1205 780 paulo
1228 701 1302 761 ante

175 813 299 876 Juliani
335 817 469 876 aetatem
494 810 635 874 vidimus
659 809 753 874 Saliis
777 810 932 894 expulsis,
956 810 1066 894 ibique
1089 813 1298 888 remansisse,

175 946 265 989 nunc
288 925 397 990 eodem
423 926 493 988 loco
519 923 664 987 habitant
690 923 812 986 Varini.
838 922 1058 988 Potueruntne
1073 925 1171 1008 igitur
1183 923 1302 988 Zosimi

175 1037 280 1114 Quadi
305 1058 415 1103 revera
433 1038 534 1102 fuisse
555 1037 693 1101 Varini?
706 1036 845 1100 Facilius
859 1034 1008 1116 Οὐάρνους
1021 1057 1117 1120 quam
1131 1036 1301 1114 Xapdtioor

175 1153 226 1216 vel
257 1150 399 1230 Καύχους
428 1153 461 1214 in
488 1148 637 1222 Κουάδους
659 1149 747 1214 abire
770 1151 914 1234 potuisse
938 1150 1112 1215 concedere
1136 1150 1302 1230 debemus,

173 1265 386 1349 Saxonesque
414 1267 475 1328 hoc
507 1270 649 1348 tempore
680 1264 856 1348 praedones
880 1283 991 1328 omnes
1015 1264 1258 1348 appellabantur
1270 1263 1301 1344 ¹).

174 1378 259 1444 Certi
284 1379 363 1441 nihil
387 1378 515 1462 probari
545 1396 640 1460 posse
663 1380 696 1440 in
711 1377 934 1459 hujuscemodi
948 1378 1119 1461 hypothesi
1133 1378 1241 1460 quivis
1254 1378 1300 1439 in·

178 1493 317 1576 tellegit3
343 1497 480 1556 attamen
506 1493 565 1555 hoc
586 1511 651 1554 uno
672 1492 842 1554 modonon
857 1492 962 1556 solum
975 1511 1049 1554 eum
1063 1493 1301 1574 iis,qnaeprio-

178 1607 271 1671 ribus
295 1606 431 1670 saeculis
455 1607 645 1690 acciderant,
669 1607 822 1690 conjungi
847 1612 951 1690 potest
964 1606 1156 1672 Varinorum
1172 1608 1302 1687 mentio,

177 1720 234 1784 sed
259 1722 354 1784 etiam
379 1719 591 1803 sequentihus
614 1719 812 1802 temporibus
837 1721 883 1782 sic
904 1719 1301 1803 omniabeneproeedunt.

178 1832 268 1908 Quae
289 1835 396 1897 omnia
416 1833 576 1916 quomodo
589 1832 671 1896 facta
684 1851 754 1897 esse
767 1835 979 1917 suspicemur,
992 1853 1080 1897 nuno
1093 1852 1302 1917 exponemus.

221 1947 374 2030 Inprimis
410 1966 473 2010 non
499 1947 559 2010 soli
584 1952 760 2010 occurrunt
783 1945 905 2009 Varini.
931 1945 1011 2009 (lum
1036 1966 1146 2011 eorum
1172 1947 1303 2011 nomine

175 2062 358 2146 Anglorum
383 2080 499 2125 nomen
525 2063 653 2144 saepius
679 2061 886 2142 conjunctum
910 2061 1047 2125 inveniri
1063 2062 1129 2143 jam
1144 2061 1302 2140 vidimus,

176 2178 238 2240 hoo
274 2195 405 2260 quoqne
439 2175 509 2238 loco
545 2194 618 2238 cum
657 2173 786 2238 Varinis
817 2181 1110 2239 commemorantur
1133 2176 1239 2258 Angli.
1265 2175 1302 2238 In

181 2289 446 2375 praecedentibus
488 2290 708 2353 demonstrare
743 2291 848 2352 conati
882 2309 997 2353 sumus
1031 2295 1102 2374 post
1136 2290 1302 2354 saeculum

179 2404 369 2484 secundum,
394 2422 457 2485 quo
481 2408 623 2485 tempore
646 2403 678 2464 in
704 2401 901 2467 Chersoneso
926 2401 1083 2468 Cimbrica
1103 2402 1301 2486 regionibus·

9 2539 12 2614 s
83 2537 88 2546 ·
178 2537 243 2603 que
268 2519 383 2581 vicinis
400 2516 569 2597 sedebant,
592 2521 714 2600 certum
735 2517 862 2580 nullum
877 2518 1303 2600 superesseindicium,quo

177 2639 321 2716 tempore
341 2631 432 2695 sedes
455 2631 526 2694 illas
550 2631 756 2713 reliquerint;
784 2649 890 2713 neque
913 2636 1061 2694 auctores
1085 2637 1170 2695 certo
1184 2631 1304 2711 sciisse,

176 2747 233 2829 qui
258 2746 290 2808 in
317 2744 485 2808 Britannia
504 2742 696 2824 scribebant,
709 2744 844 2827 populos
856 2744 983 2808 insulae
996 2749 1202 2828 occupatores
1215 2750 1304 2808 recta

178 2860 231 2921 via
267 2877 309 2920 ex
340 2859 472 2940 antiqua
504 2858 605 2940 patria
638 2857 772 2936 venisse,
797 2858 857 2920 hoo
881 2858 1103 2921 tantummodo
1128 2860 1303 2922 asseverari

178 2955 281 3056 posse,
308 2990 348 3035 ex
373 2971 438 3034 illis
463 2969 648 3054 regionibus
673 2971 809 3053 populos
833 2971 906 3035 illos
932 2972 1086 3035 oriundos
1110 2990 1195 3050 esse;
1222 2973 1303 3035 nihil

180 3086 316 3167 obstare,
340 3086 515 3169 quominus
538 3085 705 3148 credamus
730 3090 800 3167 post
824 3086 988 3149 saeculum
1014 3087 1303 3168 secundnm,ante·

179 3220 277 3284 qnam
303 3201 337 3261 in
358 3198 559 3262 Britanniam
573 3198 729 3278 venerint,
741 3197 817 3261 alibi
831 3204 951 3281 partem
966 3199 1077 3263 saltem
1091 3218 1200 3263 eorum
1215 3199 1303 3263 habi·

179 3323 277 3377 tosse..
299 3311 395 3376 Nune
419 3330 494 3376 vero
508 3310 588 3375 nihil
601 3310 715 3392 obstat,
728 3312 902 3394 quominus
915 3332 972 3395 pro
988 3311 1114 3393 ,alibi'’,
1127 3332 1302 3396 ponamus:

182 3426 242 3508 ,ad
266 3427 347 3489 ostia
370 3422 504 3488 Rheni’'.

225 3538 288 3632 Sed
319 3540 385 3620 jam
422 3543 548 3621 tempus
584 3544 633 3602 est
666 3538 743 3601 haec
774 3557 847 3601 oum
872 3540 921 3620 iis,
945 3558 1027 3622 quae
1052 3540 1086 3602 in
1111 3541 1216 3623 priore
1240 3539 1302 3604 dis·

179 3654 362 3717 sertationis
409 3658 497 3734 parte
539 3652 784 3735 disputavimus,
827 3671 1019 3735 comparare.
1061 3652 1138 3718 Post
1180 3653 1304 3718 Juliani

178 3771 313 3830 aetatem
347 3763 512 3827 Bataviam
545 3771 719 3828 tenuerunt
754 3763 949 3847 ,Saxones”,
980 3766 1183 3850 Thoringiam
1208 3767 1303 3847 Salii3

179 3886 253 3962 post
284 3898 405 3941 annum
439 3880 504 3940 428
535 3897 599 3941 non
634 3879 772 3962 amplius
796 3878 992 3942 Francorum
1020 3880 1137 3942 dicioni
1162 3879 1304 3962 subjecta

179 3997 247 4056 erat
270 3990 450 4074 Thoringia,
473 4009 558 4054 anno
581 3992 645 4054 491
671 4011 689 4054 a
710 3989 932 4056 chlodovecho
952 4012 1067 4058 rursus
1079 3993 1304 4077 occupabatur.

184 4124 325 4132 ’.ι-.-

212 4189 240 4254 1)
260 4189 420 4240 Rectissime
438 4189 670 4239 Miiuusuuorrrus
689 4189 826 4252 (Nordalh.
846 4189 920 4240 Stud.
939 4191 959 4255 1,
970 4205 992 4254 p.
1004 4189 1073 4255 tto),
1084 4190 1229 4254 praedones
1238 4191 1306 4257 illos,

180 4281 227 4346 qui
255 4282 317 4331 inde
343 4296 358 4330 a
384 4282 489 4331 soeculo
517 4280 602 4343 primo
628 4281 719 4329 littora
747 4280 876 4330 vexabant
905 4281 978 4331 »bald
1005 4282 1095 4344 Juten,
1112 4282 1171 4331 bald
1190 4282 1305 4333 Heruler

181 4373 296 4436 Sueven,
323 4373 434 4438 Angeia,
459 4372 586 4435 Wurnen,
611 4370 730 4433 Friesen‚
748 4372 825 4422 meist
844 4372 907 4423 aher·
924 4371 1067 4437 Sechsen'',
1085 4374 1229 4437 appellatos
1247 4389 1304 4425 esse

179 4465 282 4516 scribit.
