3244 5296
844 540 907 604 150

311 726 351 790 ad
373 723 565 790 Thamisiam
590 743 688 809 prope
710 723 836 789 Staines
860 724 1081 807 pertinentem,
1106 729 1141 787 ut
1160 725 1307 806 regiones
1321 724 1435 807 Essex,

311 838 561 920 Hertfordsbire,
607 836 785 902 Middlesex
829 835 1015 901 Saxouibus
1057 835 1251 919 tribuantur,
1293 843 1434 902 ueterum

309 951 469 1016 Thamisia
500 950 621 1014 flumen
646 952 730 1014 iuter
752 949 898 1014 Saxones
921 949 1111 1032 Anglosque
1135 951 1263 1014 intersit
1274 948 1315 1029 1);
1340 951 1436 1015 boooe

311 1066 448 1128 termino
473 1063 592 1128 divisas
616 1064 763 1127 nationes
785 1062 857 1126 illas
880 1061 982 1127 fuisse
1005 1063 1083 1127 satis
1107 1069 1229 1126 certum
1255 1068 1303 1126 est
1315 1060 1348 1143 ²).

356 1176 452 1242 Nuno
487 1195 564 1243 vero
598 1177 756 1261 imprimis
782 1174 956 1239 videndum
981 1181 1039 1259 est,
1063 1181 1172 1240 utrum
1198 1179 1284 1241 inter
1308 1178 1437 1241 vascula

311 1290 422 1355 fictilia
456 1309 587 1376 quoque
621 1289 656 1353 in
691 1289 836 1374 partibus
868 1289 1036 1354 Saxoniois
1069 1295 1100 1354 et
1123 1289 1268 1374 partibus
1292 1291 1437 1374 Angliois

312 1409 437 1488 reperta
460 1405 615 1488 distingui
638 1405 739 1488 possit
764 1423 874 1468 neone.
899 1402 969 1480 Qua
993 1406 1027 1467 in
1053 1423 1087 1468 re
1112 1424 1238 1469 summa
1257 1407 1360 1468 oritur
1379 1405 1436 1468 dif-

311 1517 447 1596 ficultas,
475 1520 552 1602 quia
575 1536 727 1602 persaepe
751 1519 844 1600 cujus
869 1518 1024 1600 temporis
1050 1519 1217 1582 vasculum
1243 1519 1372 1602 aliquod
1397 1520 1437 1583 sit

314 1633 445 1696 omnino
478 1633 658 1713 nescimus;
691 1632 876 1715 praesertim
901 1633 928 1696 si
952 1631 1040 1715 quod
1064 1634 1111 1696 sio
1135 1632 1222 1696 nude
1245 1633 1344 1719 nullis
1367 1633 1437 1696 aliis

314 1744 413 1810 rebus
449 1745 566 1810 additis
601 1747 789 1829 reperiatur,
822 1765 863 1809 ex
888 1747 976 1809 omni
1001 1747 1154 1829 temporis
1179 1748 1291 1829 spatio,
1316 1750 1437 1829 quoin

314 1861 482 1926 Britannia
518 1859 767 1924 dominabantur
801 1859 900 1942 Angli
924 1859 1145 1942 Saxonesque,
1169 1859 1342 1923 oriundum
1368 1880 1437 1926 esse

314 1980 434 2061 potest3
471 1975 713 2058 posterioreque
748 1975 845 2056 hujus
879 1975 974 2057 spatii
1009 1978 1099 2057 parto
1133 1974 1315 2057 Auglorum
1339 1973 1437 2038 Saxo·

316 2107 461 2172 numque
483 2089 592 2171 regnis
616 2089 649 2150 in
676 2107 776 2152 unum
801 2086 956 2169 conflatis,
981 2091 1017 2150 ut
1040 2087 1185 2150 homines
1209 2087 1346 2150 duarum
1371 2088 1438 2150 illa·

316 2222 387 2267 rum
424 2203 602 2282 nationum,
638 2202 683 2264 sio
720 2200 850 2265 vascula
886 2219 1016 2284 quoque
1051 2219 1115 2263 non
1151 2201 1290 2284 amplius
1313 2201 1439 2265 diversa

315 2315 417 2378 fuisse
448 2332 504 2398 per
527 2332 561 2378 se
586 2313 878 2397 probabilissimum
904 2314 1040 2377 videtur.
1063 2314 1142 2377 Tum
1169 2314 1437 2398 quemadmodum

316 2431 350 2492 in
385 2433 488 2492 cetera
523 2426 653 2510 Europa
687 2432 827 2491 exeunte
852 2427 981 2491 demum
1007 2427 1133 2491 saeoulo
1158 2427 1369 2490 decimonono
1390 2447 1439 2490 ar-

317 2543 517 2625 obaeologiae
548 2542 794 2625 praehistorioae
824 2541 967 2605 studium
994 2542 1033 2605 ad
1058 2542 1143 2605 viros
1167 2542 1236 2623 ejus
1260 2542 1305 2604 rei
1330 2559 1441 2605 revera

317 2656 445 2739 peritos,
481 2656 604 2738 quique
634 2654 706 2717 data
739 2673 835 2737 opera
859 2656 981 2718 ratione
1005 2674 1041 2717 ao
1067 2655 1213 2718 methodo
1234 2655 1267 2717 in
1292 2655 1370 2718 bueo
1392 2655 1439 2717 in-

318 2767 497 2852 quirebant,
532 2767 671 2832 delatum
709 2772 765 2848 ost,
800 2769 846 2832 sio
870 2786 999 2851 quoque
1022 2770 1055 2831 in
1081 2767 1249 2832 Britannia
1273 2788 1336 2832 non
1360 2768 1439 2832 adeo

317 2887 438 2947 remota
473 2887 575 2946 aetate
599 2882 662 2945 late
685 2881 790 2945 adhuc
812 2881 947 2946 florebat
973 2881 1264 2963 ,dilettantismus”
1290 2903 1318 2965 q.
1340 2882 1368 2944 d.
1392 2901 1440 2944 ar·

318 2997 548 3079 obaeologious.
592 2995 766 3078 Postremo,
805 3001 841 3060 ut
875 2995 944 3060 fieri
980 2997 1070 3078 solet,
1104 2997 1291 3061 effossiones
1325 3002 1356 3060 et
1390 3014 1440 3060 res

321 3115 464 3194 repertae
491 3111 524 3172 in
548 3115 594 3174 tot
619 3109 805 3193 talibusque
829 3109 989 3194 operibus,
1012 3111 1188 3194 opusculis,
1213 3110 1332 3192 diariis,
1355 3111 1442 3176 notis

319 3225 431 3289 ceteris
462 3223 700 3306 deseribuntur,
731 3242 826 3307 saepe
849 3224 978 3288 nonnisi
1002 3224 1042 3287 ad
1068 3202 1169 3288 unum
1194 3224 1346 3307 oppidum
1371 3243 1441 3308 per·

318 3337 506 3420 tinentibus,
541 3343 576 3402 ut
600 3356 641 3402 ne
663 3336 875 3402 bibliothecae
898 3337 1044 3421 publicae
1068 3338 1197 3422 quidem
1224 3356 1334 3402 omnes
1358 3339 1442 3420 ejus·

320 3453 405 3516 modi
441 3453 572 3516 notitias
607 3452 771 3516 continere
794 3453 929 3535 possint,
952 3453 1046 3536 eique
1071 3453 1304 3535 tantummodo,
1328 3454 1440 3537 quiin

319 3568 390 3650 ipsa
423 3565 590 3629 Britannia
626 3572 782 3648 versatur,
816 3566 923 3630 aditus
959 3567 996 3630 ad
1034 3585 1071 3630 ea
1102 3571 1222 3650 pateat;
1247 3585 1312 3629 non
1337 3567 1440 3630 solum

319 3680 419 3763 igitur
442 3680 510 3762 ipse
534 3682 642 3744 omnia
664 3681 821 3763 attingere
845 3699 908 3742 nou
934 3685 1076 3763 poteram
1101 3680 1187 3743 haud
1212 3699 1315 3763 pauca
1337 3680 1439 3762 negli-

319 3811 395 3876 gere
417 3797 556 3874 ooaotus,
580 3793 634 3857 sed
660 3794 833 3858 verendum
859 3797 916 3875 est,
940 3813 980 3856 ne
1003 3794 1040 3875 is,
1064 3795 1120 3876 qui
1141 3798 1281 3856 nostram
1295 3794 1443 3876 sequitur

355 4052 381 4116 i)
400 4052 461 4100 Post
479 4052 640 4102 Thamisiam
659 4052 802 4103 Cotswolds
820 4053 900 4102 oolies
918 4058 945 4102 et
965 4053 1037 4102 Avou
1057 4054 1166 4103 ilumeu.

353 4141 381 4206 2)
398 4143 526 4194 Videatur
543 4158 566 4194 a.
584 4159 608 4207 g.
627 4144 716 4194 tabula
735 4144 910 4208 geographica
928 4144 955 4194 in
975 4144 1080 4210 Encyoi.
1101 4144 1178 4194 Britt.
1198 4145 1254 4204 Vll,
1273 4145 1297 4195 2.

353 4233 381 4299 3)
399 4235 539 4285 Praeterea
557 4235 687 4285 adeantur
705 4235 847 4297 Arsurum,
873 4235 999 4285 Remuins
1014 4236 1042 4285 oi
1049 4235 1135 4286 Saron
1145 4236 1297 4300 Pagaudom
1309 4235 1442 4300 (tab.aa);

321 4327 450 4393 Nuvrmr,
480 4327 565 4378 Saron
594 4327 734 4390 obsequias
752 4328 815 4392 (tab.
833 4327 866 4377 ii
884 4328 965 4391 sqq.);
985 4327 1080 4378 Roucu
1099 4327 1192 4391 Surru,
1210 4327 1377 4378 Colleutauea
1394 4343 1444 4378 au·

321 4420 396 4483 tiqua
423 4419 445 4468 11
472 4420 536 4486 (tub.
562 4419 675 4484 41-443
701 4418 826 4484 54-56);
851 4421 884 4470 ci.
908 4419 1138 4485 Liuuuuscuurur,
1155 4420 1270 4469 Alterth.
1289 4434 1349 4469 uns.
1369 4419 1444 4469 Heid.

322 4510 397 4560 Vorz.
417 4511 448 4574 ll,
467 4509 490 4575 i,
509 4510 533 4561 i.
