3244 5296
260 724 397 806 Alioque
420 724 506 787 loco:

746 824 833 889 Nnm
853 823 983 888 dasena
1005 821 1143 888 Francis

303 937 498 1002 Intniimas?
518 939 645 1020 iocncre
667 942 780 1002 tomen.
802 938 890 1002 Nam
913 936 1024 1002 Marte
1047 934 1161 1004 Suebos

305 1048 537 1116 Uortumnus?
558 1051 630 1138 qais
651 1052 727 1133 iura
748 1052 861 1116 ans
873 1101 879 1116 .
893 1100 900 1115 .
913 1101 940 1115 ..

307 1165 455 1228 Edomnit
475 1164 619 1230 Rbennm
631 1169 654 1244 ¹)
671 1213 695 1228 ..
710 1214 736 1228 ..
759 1164 966 1246 Rhenumque
988 1163 1139 1230 minacem

307 1277 461 1344 Cornibus
483 1278 630 1362 infractis
652 1279 728 1343 odeo
751 1278 907 1343 mitescere
931 1278 1020 1360 coqie,

309 1390 351 1457 Ui
373 1391 493 1456 Snebus
512 1393 580 1473 jam
604 1412 684 1455 raro
707 1391 789 1457 colai
809 1391 966 1477 siccosque
989 1389 1145 1474 Siqombri

306 1504 347 1568 In
370 1504 483 1588 falcem
507 1510 636 1570 carreni
655 1505 787 1589 qladioe,
808 1505 1010 1587 qeminacqne
1033 1505 1136 1568 uiator

309 1615 386 1681 &cm
409 1618 511 1682 videat
534 1619 633 1701 ripas,
655 1638 735 1700 qaae
757 1618 798 1683 sit
822 1617 1143 1703 Rememoramini,

312 1729 352 1796 Ui
372 1733 440 1812 iam
464 1731 704 1811 transfluvium
727 1751 792 1796 non
815 1732 1002 1816 indiqncnte
1025 1729 1128 1795 Conco

306 1843 425 1909 Pascat
448 1844 550 1927 Belqa
567 1866 675 1930 pecus,
697 1845 893 1930 mediamque
916 1846 1061 1929 inqreesa
1082 1864 1139 1925 per
1162 1841 1266 1906 Albim

309 1957 433 2021 Gallica
455 1956 654 2021 Francorum
678 1963 796 2022 montes
819 1961 965 2022 armento
981 1953 1190 2042 pererrmib.

753 2070 928 2136 Provincia
951 2072 1060 2135 missos

306 2183 447 2264 maella
469 2184 561 2249 ciliae
584 2185 695 2268 fasces,
719 2205 816 2270 qnam
841 2184 978 2250 Francia
1001 2203 1095 2267 reqee,

310 2296 392 2376 Quos
415 2297 536 2362 dederis
551 2295 583 2378 ³).

264 2459 370 2524 Hosce
408 2461 495 2525 locos
531 2461 770 2544 descripsimus,
806 2466 842 2526 ut
876 2461 1087 2526 demonstrari
1121 2464 1238 2543 posset,
1271 2459 1344 2522 nul·

222 2573 285 2636 lam
322 2575 387 2637 vim
424 2593 494 2638 esse
525 2574 730 2638 tribuendam
765 2574 952 2638 nominibus
983 2594 1002 2636 a
1032 2572 1207 2637 Claudiano
1231 2573 1344 2636 citatis.

222 2686 301 2750 Cum
331 2689 522 2752 Alemannis
547 2689 615 2752 sive
638 2687 753 2752 Saeuis
767 2688 790 2768 ⁴)
814 2694 845 2752 et
868 2708 942 2752 cum
976 2687 1109 2750 Francis
1132 2685 1251 2751 bellum
1274 2705 1344 2769 ges·

221 2803 303 2866 sisse
325 2801 488 2865 Romanos
513 2803 617 2866 cuivis
641 2809 753 2866 notum
777 2807 855 2885 erat,
875 2805 985 2886 itaque
1009 2802 1095 2885 quod
1118 2802 1152 2865 in
1173 2801 1224 2866 his
1244 2801 1345 2864 nomi·

222 2916 318 2980 nibus
362 2936 427 2980 non
467 2919 595 2999 erravit,
631 2919 763 2982 minime
797 2916 912 3000 probat
945 2936 1009 2980 non
1044 2935 1167 2980 errasse
1201 2935 1275 2980 eum
1310 2916 1345 2977 in

222 3031 343 3094 ceteris.
388 3029 563 3094 Bastarnae
605 3031 639 3092 in
682 3028 787 3094 Rheni
822 3032 1028 3114 proximitate
1059 3031 1180 3112 justam
1217 3033 1346 3092 movent

222 3144 456 3226 suspicionem
492 3140 696 3207 Cimbrorum
727 3162 816 3227 gens,
847 3145 972 3208 etiamsi
996 3143 1113 3208 erravit
1137 3141 1345 3206 Mbmnnncr·
1426 3169 1435 3186 s

221 3254 330 3339 musl)
358 3257 423 3338 jam
460 3255 558 3319 Plinii
592 3261 694 3320 aetate
729 3275 889 3339 nusquam
913 3274 1097 3339 comparere
1120 3273 1190 3319 eam
1215 3259 1346 3318 conten·

256 3490 283 3554 1)
302 3493 339 3541 De
358 3493 429 3541 laud.
446 3491 549 3555 Stilioh,
567 3492 587 3554 1,
605 3489 748 3541 ree-196.

256 3582 286 3646 2)
303 3582 377 3649 lbid.,
393 3581 535 3633 nno-nm.

256 3673 284 3738 3)
302 3674 375 3735 Ibid.‚
392 3672 442 3723 236
459 3681 517 3738 sqqss
534 3675 565 3723 In
582 3674 759 3738 sequentibus
777 3674 858 3723 iidem
877 3673 1052 3723 nominantur
1072 3686 1155 3736 reges,
1173 3686 1240 3734 quos
1255 3685 1270 3720 e
1285 3669 1345 3719 Sul-

224 3766 292 3830 picio
311 3766 459 3816 Alexandro
479 3766 615 3816 novimus:

588 3857 652 3907 Acie
670 3872 719 3907 nee
733 3857 789 3920 jam
808 3858 915 3920 pulsare
933 3856 1055 3914 rebelles,

390 3948 440 3998 Sed
461 3949 554 3999 vinclis
572 3949 669 4013 punire
688 3948 759 4007 licet,
777 3949 932 4012 subjudice
955 3953 1045 3998 nostro

392 4041 474 4106 Regia
492 4041 628 4090 Romanus
646 4039 771 4103 disquirit
790 4040 903 4090 crimina
921 4054 1021 4090 carcer.

393 4131 570 4181 Marcomeres
588 4130 735 4194 Sunnoque
753 4132 858 4194 docent,
875 4145 991 4194 quorum
1009 4130 1077 4178 alter
1094 4127 1237 4177 Etruscum

392 4223 508 4272 Pertulit
526 4222 665 4283 exsilium
682 4237 745 4273 eum
764 4238 792 4273 se
814 4223 984 4286 promitteret
1001 4222 1069 4270 alter

391 4314 496 4364 Exsulis
515 4313 639 4374 ultorem,
654 4313 739 4377 jacuit
758 4328 886 4364 mucrone
903 4327 1023 4363 suorum.

259 4405 288 4470 l)
306 4406 364 4455 Vid.
382 4406 502 4468 Barnun,
520 4405 556 4454 ll.
574 4421 599 4469 p.
616 4403 673 4456 938.

258 4496 287 4560 5)
304 4496 438 4546 Deutsehe
456 4495 706 4560 Altertumslrunde‚
724 4495 758 4558 11,
774 4494 822 4545 117
840 4509 879 4558 sq.
