3244 5296
829 529 892 594 130

296 717 447 801 idemque
472 716 590 798 Gallos,
612 716 786 780 Britannos
809 717 960 798 imitatos,
983 716 1115 795 fecisse3
1142 721 1247 780 tamen
1273 716 1358 799 quod
1383 716 1423 778 ad

296 831 356 894 hoc
379 833 501 913 attinet,
526 836 557 895 et
580 831 656 894 huic
680 829 799 894 Zosimi
823 831 999 893 narrationi
1019 831 1124 894 inesse
1145 830 1263 894 veritas
1275 836 1379 913 potest
1392 835 1423 892 et

297 945 419 1018 Gildae,
454 947 512 1028 qui
536 945 622 1024 dicit,
646 950 681 1008 ut
705 963 781 1007 mox
807 943 999 1024 videbimus,
1024 943 1198 1007 Britannos
1222 949 1271 1006 ter
1294 961 1424 1026 rogasse

298 1058 419 1122 auxilia
442 1058 596 1137 Romana,
621 1057 670 1121 bis
694 1059 863 1140 accepisse.
888 1055 973 1132 Quia
996 1055 1132 1120 Romani
1153 1055 1284 1120 aberant
1297 1075 1422 1120 eorum-

298 1151 361 1256 que
386 1171 587 1236 desciverant
611 1172 667 1254 qui
692 1169 863 1252 restabant,
876 1171 955 1254 ipsis
968 1169 1134 1234 Britannis
1147 1175 1257 1234 contra
1271 1169 1423 1233 barbaros

295 1303 441 1369 pugnare
465 1303 547 1368 opus
570 1284 650 1363 fuit3
675 1284 731 1348 sed
755 1304 851 1367 quam
876 1285 1014 1367 primum
1039 1284 1143 1348 redire
1155 1303 1248 1368 posse
1260 1283 1422 1346 Romanos

297 1399 521 1482 opinabantur,
546 1402 581 1461 ut
599 1399 792 1480 juvarentur
812 1397 1026 1481 precabantur
1041 1397 1290 1480 ,subjectionem
1308 1417 1422 1461 voven-

298 1517 346 1576 tes
369 1511 515 1575 Romano
538 1508 704 1594 imperi0.”
728 1508 777 1574 De
801 1512 870 1594 ipsa
894 1513 1104 1594 occupatione
1116 1513 1257 1594 primum
1271 1511 1425 1575 adeamus

299 1624 458 1688 Chronica
483 1623 605 1688 Gallica
629 1623 704 1686 anni
729 1620 891 1686 ccccm
905 1622 944 1702 1);
971 1642 1053 1706 quae
1077 1642 1152 1703 non,
1178 1630 1212 1686 ut
1236 1623 1333 1707 vulgo
1358 1642 1423 1687 cre-

301 1736 444 1819 debatur,
475 1757 493 1800 a
516 1736 674 1820 Prospero
699 1739 880 1820 conscripta
904 1755 974 1800 esse
997 1742 1069 1820 post
1092 1737 1172 1800 alios
1195 1737 1424 1801 demonstravit

300 1851 499 1916 Mouusauus
512 1849 555 1930 l),
575 1850 726 1933 idemque
739 1869 803 1933 quo
817 1855 959 1934 tempore
972 1857 1002 1914 et
1016 1870 1079 1933 qua
1091 1851 1221 1934 regione
1233 1851 1349 1933 scripta
1363 1851 1425 1913 sint

303 1967 373 2049 ipsa
395 1966 514 2048 scripta
539 1963 700 2028 declarare
720 1964 875 2026 ostendit:
897 1965 930 2025 in
955 1967 1044 2046 parte
1067 1963 1189 2027 scilicet
1210 1968 1369 2047 postrema
1388 1981 1425 2025 ea

302 2079 442 2142 maxime
466 2083 629 2142 auctorem
650 2095 767 2156 rerum,
788 2096 868 2159 quas
881 2082 996 2157 narrat,
1009 2076 1175 2160 aequalem
1191 2095 1266 2160 prae
1278 2075 1423 2153 seierr03

301 2193 489 2276 scriptorem
511 2210 552 2255 ex
572 2189 703 2254 Oriente
716 2209 817 2272 pauca
830 2189 950 2272 afferre,
963 2190 1001 2253 ad
1016 2192 1202 2254 universum
1218 2188 1422 2253 Occidentem

301 2305 475 2386 attendere,
508 2304 667 2387 imprimis
691 2301 894 2367 exhibentem
921 2302 1041 2367 Gallica
1067 2309 1098 2366 et
1121 2305 1153 2366 in
1180 2303 1229 2368 his
1253 2303 1428 2386 complura,

301 2438 384 2502 quae
406 2418 590 2501 indigenam
604 2417 756 2501 prodant3
771 2417 912 2480 codicem
927 2436 1056 2500 quoque
1069 2415 1209 2482 Gallicae
1224 2419 1338 2501 origini
1352 2436 1427 2479 con-

305 2534 432 2611 venire;
468 2531 747 2615 septentrionalem
783 2530 917 2593 Galliam
951 2531 1110 2614 appellare
1133 2549 1208 2594 eum
1235 2530 1429 2611 ulteriorem,

303 2647 479 2710 haereticos
499 2643 718 2708 Massilienses
731 2645 849 2727 optime
862 2649 955 2708 notos
968 2643 1092 2708 habere.
1105 2644 1220 2728 Itaque
1233 2644 1339 2708 sedern
1353 2663 1427 2707 auo·

302 2765 405 2823 torem
430 2758 582 2822 habuisse
606 2757 770 2821 Massiliae
793 2777 857 2820 non
878 2756 1026 2822 absimile
1037 2760 1104 2822 veri
1118 2757 1317 2822 Mouusauus
1331 2759 1427 2821 ducit.

300 2872 363 2936 Hic
375 2878 494 2953 auctor,
504 2872 626 2936 Galliae
639 2871 743 2934 incola
755 2872 853 2954 idque
865 2872 936 2954 ipso
948 2871 1075 2934 saeculo
1089 2872 1211 2954 quinte,
1221 2873 1248 2935 si
1261 2871 1425 2955 quisalius

304 2991 390 3050 certa
409 2985 529 3050 iudicia
548 2986 588 3049 de
608 2986 819 3069 occupatione
839 2983 991 3068 praebere
1004 2990 1114 3068 potest.
1129 2986 1225 3068 Apud
1240 3004 1336 3068 quem
1349 2985 1427 3067 legi-

304 3118 377 3162 mus
401 3103 472 3182 post
491 3098 676 3162 Stilichonis
689 3105 822 3162 mortem
837 3102 933 3176 (anno
946 3099 1022 3177 408)
1035 3097 1180 3161 Honorio
1193 3097 1276 3161 XVI
1289 3127 1327 3151 =
1343 3099 1426 3161 409:

345 3211 418 3276 Hac
451 3215 629 3295 tenpestate
657 3211 912 3295 praeualitndtne
935 3210 1149 3276 Rornanorum
1172 3211 1254 3276 ainos
1275 3210 1428 3295 fnndltns

300 3331 490 3392 attenuatae.
515 3324 710 3389 Britanniae
735 3323 898 3390 Saxonum
921 3325 1101 3389 incursione
1125 3325 1304 3391 devastatae
1319 3329 1348 3404 Ι).

347 3438 389 3502 Et
412 3438 589 3502 Theodosio
614 3435 739 3519 XVIII,
762 3436 951 3501 XVIIII:
965 3440 1115 3501 441-2:

347 3550 542 3615 Britanniae
576 3570 679 3636 nsqne
713 3550 756 3615 od
786 3550 842 3615 boc
873 3556 994 3635 tempus
1023 3552 1121 3616 variis
1151 3552 1293 3617 cladibus
1315 3554 1427 3616 eventi·

302 3665 419 3749 bneque
443 3665 527 3728 lotoe
549 3664 581 3727 in
603 3664 753 3729 dicionem
778 3662 940 3728 &nonum
963 3665 1156 3749 rediqnntnr
1170 3664 1200 3743 4).

347 3779 444 3840 Anno
477 3778 608 3839 lsi-2
641 3779 741 3861 igilur
766 3776 966 3841 Britanniam
993 3785 1178 3862 occupatam
1204 3797 1275 3843 esse
1299 3778 1430 3842 Chroni-

302 3912 413 3958 oorum
438 3897 550 3955 auctor
573 3893 649 3970 seit3
675 3891 819 3955 Saxones
843 3893 1066 3956 tautummodo
1088 3894 1241 3971 nominat,
1262 3893 1429 3955 aliaocou-

304 4007 449 4090 pautium
474 4006 604 4068 nomina
628 4007 756 4089 cognita
779 4007 808 4069 ei
832 4025 896 4069 non
921 4013 1005 4070 sunt.

308 4134 452 4144 ——-—·

338 4202 364 4266 1)
384 4202 525 4263 Mcuusuu,
543 4199 641 4250 Chron.
659 4199 770 4262 Minora,
789 4200 808 4264 l,
827 4199 873 4249 631
897 4214 953 4265 sqq.

337 4292 365 4358 2)
383 4293 419 4343 l.l.
437 4307 461 4356 p.
481 4290 538 4341 617.

339 4383 366 4444 3)
384 4382 414 4433 ol
435 4398 473 4447 sq.
492 4384 540 4448 (M.
558 4397 582 4445 p.
601 4379 720 4446 usn-l).

341 4475 367 4540 4)
386 4476 452 4526 lbid.
469 4474 518 4524 luo
535 4475 582 4540 (M.
599 4488 624 4537 p.
643 4471 714 4538 660).
