<?xml version="1.0" encoding="UTF-8"?>
<!DOCTYPE html PUBLIC "-//W3C//DTD XHTML 1.0 Transitional//EN"
    "http://www.w3.org/TR/xhtml1/DTD/xhtml1-transitional.dtd">
<html xmlns="http://www.w3.org/1999/xhtml" xml:lang="en" lang="en">
 <head>
  <title>
</title>
<meta http-equiv="Content-Type" content="text/html;charset=utf-8" />
  <meta name='ocr-system' content='tesseract 3.04.00' />
  <meta name='ocr-capabilities' content='ocr_page ocr_carea ocr_par ocr_line ocrx_word'/>
</head>
<body>
  <div class='ocr_page' id='page_1' title='image "./depopulisgerman00kromgoog_0088.png"; bbox 0 0 3240 5304; ppageno 0'>
   <div class='ocr_carea' id='block_1_1' title="bbox 728 494 770 557">
    <p class='ocr_par' dir='ltr' id='par_1_1' title="bbox 728 494 770 557">
     <span class='ocr_line' id='line_1_1' title="bbox 728 494 770 557; baseline 0.024 -1"><span class='ocrx_word' id='word_1_1' title='bbox 728 494 770 557; x_wconf 87' lang='grc'><strong>69</strong></span> 
     </span>
    </p>
   </div>
   <div class='ocr_carea' id='block_1_2' title="bbox 182 677 1311 2692">
    <p class='ocr_par' dir='ltr' id='par_1_2' title="bbox 186 677 1311 1558">
     <span class='ocr_line' id='line_1_2' title="bbox 191 677 1311 764; baseline 0.002 -20"><span class='ocrx_word' id='word_1_2' title='bbox 191 687 346 764; x_wconf 89' lang='lat' dir='ltr'><strong>postremo</strong></span> <span class='ocrx_word' id='word_1_3' title='bbox 369 682 408 746; x_wconf 89' lang='lat' dir='ltr'><strong>de</strong></span> <span class='ocrx_word' id='word_1_4' title='bbox 431 681 555 744; x_wconf 87' lang='lat' dir='ltr'><strong>Juliani</strong></span> <span class='ocrx_word' id='word_1_5' title='bbox 581 682 712 745; x_wconf 89' lang='lat' dir='ltr'><strong>historia</strong></span> <span class='ocrx_word' id='word_1_6' title='bbox 735 682 800 764; x_wconf 86' lang='lat' dir='ltr'><strong>egit</strong></span> <span class='ocrx_word' id='word_1_7' title='bbox 824 679 965 744; x_wconf 81' lang='lat' dir='ltr'><strong>Kuuarus</strong></span> <span class='ocrx_word' id='word_1_8' title='bbox 988 681 1022 744; x_wconf 94' lang='lat' dir='ltr'><strong>in</strong></span> <span class='ocrx_word' id='word_1_9' title='bbox 1047 679 1271 746; x_wconf 72' lang='lat' dir='ltr'><strong>dissertatione</strong></span> <span class='ocrx_word' id='word_1_10' title='bbox 1285 677 1311 760; x_wconf 79' lang='lat'><strong>¹)</strong></span> 
     </span>
     <span class='ocr_line' id='line_1_3' title="bbox 192 793 1308 878; baseline 0.003 -21"><span class='ocrx_word' id='word_1_11' title='bbox 192 802 220 857; x_wconf 91' lang='lat' dir='ltr'><strong>et</strong></span> <span class='ocrx_word' id='word_1_12' title='bbox 241 802 349 876; x_wconf 87' lang='lat' dir='ltr'><strong>postea</strong></span> <span class='ocrx_word' id='word_1_13' title='bbox 373 797 404 856; x_wconf 92' lang='lat' dir='ltr'><strong>in</strong></span> <span class='ocrx_word' id='word_1_14' title='bbox 431 793 628 858; x_wconf 79' lang='lat' dir='ltr'><strong>Fleckeiseni</strong></span> <span class='ocrx_word' id='word_1_15' title='bbox 653 793 836 860; x_wconf 81' lang='lat' dir='ltr'><strong>Annalibus</strong></span> <span class='ocrx_word' id='word_1_16' title='bbox 849 793 881 875; x_wconf 70' lang='grc' dir='ltr'><strong>Ἰ,</strong></span> <span class='ocrx_word' id='word_1_17' title='bbox 894 794 949 858; x_wconf 93' lang='lat' dir='ltr'><strong>ubi</strong></span> <span class='ocrx_word' id='word_1_18' title='bbox 962 794 1211 878; x_wconf 85' lang='lat' dir='ltr'><strong>disputationem</strong></span> <span class='ocrx_word' id='word_1_19' title='bbox 1224 797 1308 860; x_wconf 88' lang='lat' dir='ltr'><strong>inse·</strong></span> 
     </span>
     <span class='ocr_line' id='line_1_4' title="bbox 191 906 1308 992; baseline 0.003 -22"><span class='ocrx_word' id='word_1_20' title='bbox 191 909 317 971; x_wconf 87' lang='lat' dir='ltr'><strong>rendam</strong></span> <span class='ocrx_word' id='word_1_21' title='bbox 342 910 465 971; x_wconf 88' lang='lat' dir='ltr'><strong>curavit</strong></span> <span class='ocrx_word' id='word_1_22' title='bbox 489 927 513 970; x_wconf 88' lang='lat' dir='ltr'><strong>c.</strong></span> <span class='ocrx_word' id='word_1_23' title='bbox 528 916 548 971; x_wconf 84' lang='lat' dir='ltr'><strong>t.</strong></span> <span class='ocrx_word' id='word_1_24' title='bbox 577 907 710 988; x_wconf 85' lang='lat' dir='ltr'><strong>„Kaiser</strong></span> <span class='ocrx_word' id='word_1_25' title='bbox 729 907 838 971; x_wconf 82' lang='lat' dir='ltr'><strong>Julian</strong></span> <span class='ocrx_word' id='word_1_26' title='bbox 852 907 909 971; x_wconf 87' lang='lat' dir='ltr'><strong>der</strong></span> <span class='ocrx_word' id='word_1_27' title='bbox 922 906 1157 992; x_wconf 83' lang='lat' dir='ltr'><strong>Abtrtinuige’&#39;.</strong></span> <span class='ocrx_word' id='word_1_28' title='bbox 1170 908 1221 971; x_wconf 85' lang='lat' dir='ltr'><strong>Ad</strong></span> <span class='ocrx_word' id='word_1_29' title='bbox 1236 927 1308 973; x_wconf 89' lang='lat' dir='ltr'><strong>nos-</strong></span> 
     </span>
     <span class='ocr_line' id='line_1_5' title="bbox 190 1019 1308 1106; baseline 0 -22"><span class='ocrx_word' id='word_1_30' title='bbox 190 1031 266 1084; x_wconf 90' lang='lat' dir='ltr'><strong>tram</strong></span> <span class='ocrx_word' id='word_1_31' title='bbox 292 1024 424 1104; x_wconf 86' lang='lat' dir='ltr'><strong>patriam</strong></span> <span class='ocrx_word' id='word_1_32' title='bbox 451 1040 534 1106; x_wconf 88' lang='lat' dir='ltr'><strong>quae</strong></span> <span class='ocrx_word' id='word_1_33' title='bbox 558 1025 726 1104; x_wconf 74' lang='lat' dir='ltr'><strong>pertinent,</strong></span> <span class='ocrx_word' id='word_1_34' title='bbox 750 1022 963 1084; x_wconf 86' lang='lat' dir='ltr'><strong>inveniuntur</strong></span> <span class='ocrx_word' id='word_1_35' title='bbox 985 1022 1018 1083; x_wconf 90' lang='lat' dir='ltr'><strong>in</strong></span> <span class='ocrx_word' id='word_1_36' title='bbox 1043 1019 1204 1084; x_wconf 81' lang='lat' dir='ltr'><strong>Nuaorru</strong></span> <span class='ocrx_word' id='word_1_37' title='bbox 1226 1020 1308 1104; x_wconf 63' lang='lat' dir='ltr'><strong>„Bp-</strong></span> 
     </span>
     <span class='ocr_line' id='line_1_6' title="bbox 190 1133 1308 1219; baseline 0.003 -22"><span class='ocrx_word' id='word_1_38' title='bbox 190 1133 370 1218; x_wconf 76' lang='lat' dir='ltr'><strong>dragen’&#39;³t‚</strong></span> <span class='ocrx_word' id='word_1_39' title='bbox 405 1136 444 1199; x_wconf 90' lang='lat' dir='ltr'><strong>ad</strong></span> <span class='ocrx_word' id='word_1_40' title='bbox 480 1155 562 1219; x_wconf 91' lang='lat' dir='ltr'><strong>quos</strong></span> <span class='ocrx_word' id='word_1_41' title='bbox 586 1135 669 1198; x_wconf 84' lang='lat' dir='ltr'><strong>intra</strong></span> <span class='ocrx_word' id='word_1_42' title='bbox 694 1137 823 1218; x_wconf 90' lang='lat' dir='ltr'><strong>saepius</strong></span> <span class='ocrx_word' id='word_1_43' title='bbox 847 1133 1029 1200; x_wconf 84' lang='lat' dir='ltr'><strong>referemus.</strong></span> <span class='ocrx_word' id='word_1_44' title='bbox 1055 1134 1176 1218; x_wconf 80' lang='lat' dir='ltr'><strong>Utique</strong></span> <span class='ocrx_word' id='word_1_45' title='bbox 1200 1137 1308 1200; x_wconf 89' lang='lat' dir='ltr'><strong>omnia</strong></span> 
     </span>
     <span class='ocr_line' id='line_1_7' title="bbox 188 1247 1307 1332; baseline 0.003 -22"><span class='ocrx_word' id='word_1_46' title='bbox 188 1249 321 1312; x_wconf 85' lang='lat' dir='ltr'><strong>redeunt</strong></span> <span class='ocrx_word' id='word_1_47' title='bbox 344 1250 383 1313; x_wconf 92' lang='lat' dir='ltr'><strong>ad</strong></span> <span class='ocrx_word' id='word_1_48' title='bbox 407 1256 562 1330; x_wconf 67' lang='lat' dir='ltr'><strong>auctores</strong></span> <span class='ocrx_word' id='word_1_49' title='bbox 587 1251 644 1332; x_wconf 90' lang='lat' dir='ltr'><strong>qui</strong></span> <span class='ocrx_word' id='word_1_50' title='bbox 668 1250 729 1332; x_wconf 89' lang='lat' dir='ltr'><strong>ipsi</strong></span> <span class='ocrx_word' id='word_1_51' title='bbox 754 1267 837 1332; x_wconf 89' lang='lat' dir='ltr'><strong>quae</strong></span> <span class='ocrx_word' id='word_1_52' title='bbox 849 1248 1088 1331; x_wconf 88' lang='lat' dir='ltr'><strong>descripserunt</strong></span> <span class='ocrx_word' id='word_1_53' title='bbox 1101 1249 1252 1313; x_wconf 88' lang='lat' dir='ltr'><strong>viderunt</strong></span> <span class='ocrx_word' id='word_1_54' title='bbox 1265 1247 1307 1330; x_wconf 78' lang='lat'><strong>⁴};</strong></span> 
     </span>
     <span class='ocr_line' id='line_1_8' title="bbox 189 1361 1308 1446; baseline 0.003 -23"><span class='ocrx_word' id='word_1_55' title='bbox 189 1381 250 1424; x_wconf 91' lang='lat' dir='ltr'><strong>non</strong></span> <span class='ocrx_word' id='word_1_56' title='bbox 286 1368 404 1426; x_wconf 85' lang='lat' dir='ltr'><strong>temere</strong></span> <span class='ocrx_word' id='word_1_57' title='bbox 431 1364 531 1446; x_wconf 87' lang='lat' dir='ltr'><strong>igitur</strong></span> <span class='ocrx_word' id='word_1_58' title='bbox 554 1362 733 1444; x_wconf 80' lang='lat' dir='ltr'><strong>abjicienda</strong></span> <span class='ocrx_word' id='word_1_59' title='bbox 757 1367 842 1442; x_wconf 87' lang='lat' dir='ltr'><strong>sunt,</strong></span> <span class='ocrx_word' id='word_1_60' title='bbox 864 1381 947 1445; x_wconf 87' lang='lat' dir='ltr'><strong>quae</strong></span> <span class='ocrx_word' id='word_1_61' title='bbox 971 1361 1133 1445; x_wconf 83' lang='lat' dir='ltr'><strong>praebent,</strong></span> <span class='ocrx_word' id='word_1_62' title='bbox 1156 1361 1212 1426; x_wconf 86' lang='lat' dir='ltr'><strong>sed</strong></span> <span class='ocrx_word' id='word_1_63' title='bbox 1237 1362 1308 1426; x_wconf 90' lang='lat' dir='ltr'><strong>dili·</strong></span> 
     </span>
     <span class='ocr_line' id='line_1_9' title="bbox 186 1475 752 1558; baseline 0 -20"><span class='ocrx_word' id='word_1_64' title='bbox 186 1477 372 1558; x_wconf 82' lang='lat' dir='ltr'><strong>gentissime</strong></span> <span class='ocrx_word' id='word_1_65' title='bbox 396 1479 504 1539; x_wconf 90' lang='lat' dir='ltr'><strong>omnia</strong></span> <span class='ocrx_word' id='word_1_66' title='bbox 528 1475 752 1540; x_wconf 85' lang='lat' dir='ltr'><strong>examinanda.</strong></span> 
     </span>
    </p>

    <p class='ocr_par' dir='ltr' id='par_1_3' title="bbox 185 1587 1308 1781">
     <span class='ocr_line' id='line_1_10' title="bbox 229 1587 1308 1672; baseline 0.003 -20"><span class='ocrx_word' id='word_1_67' title='bbox 229 1587 376 1653; x_wconf 86' lang='lat' dir='ltr'><strong>Oribasio</strong></span> <span class='ocrx_word' id='word_1_68' title='bbox 399 1589 563 1672; x_wconf 85' lang='lat' dir='ltr'><strong>deperdito</strong></span> <span class='ocrx_word' id='word_1_69' title='bbox 589 1591 702 1672; x_wconf 90' lang='lat' dir='ltr'><strong>utique</strong></span> <span class='ocrx_word' id='word_1_70' title='bbox 725 1591 794 1672; x_wconf 88' lang='lat' dir='ltr'><strong>ipse</strong></span> <span class='ocrx_word' id='word_1_71' title='bbox 814 1589 969 1652; x_wconf 76' lang='lat' dir='ltr'><strong>Junrnuus</strong></span> <span class='ocrx_word' id='word_1_72' title='bbox 991 1589 1115 1671; x_wconf 88' lang='lat' dir='ltr'><strong>primus</strong></span> <span class='ocrx_word' id='word_1_73' title='bbox 1139 1589 1308 1655; x_wconf 89' lang='lat' dir='ltr'><strong>adeundus</strong></span> 
     </span>
     <span class='ocr_line' id='line_1_11' title="bbox 185 1701 889 1781; baseline -0.003 -15"><span class='ocrx_word' id='word_1_74' title='bbox 185 1708 241 1766; x_wconf 88' lang='lat' dir='ltr'><strong>est.</strong></span> <span class='ocrx_word' id='word_1_75' title='bbox 266 1701 330 1778; x_wconf 83' lang='lat' dir='ltr'><strong>Qui</strong></span> <span class='ocrx_word' id='word_1_76' title='bbox 354 1703 607 1767; x_wconf 81' lang='lat' dir='ltr'><strong>Atheniensibus</strong></span> <span class='ocrx_word' id='word_1_77' title='bbox 632 1703 710 1766; x_wconf 82' lang='lat' dir='ltr'><strong>haee</strong></span> <span class='ocrx_word' id='word_1_78' title='bbox 734 1701 845 1766; x_wconf 80' lang='lat' dir='ltr'><strong>scribit</strong></span> <span class='ocrx_word' id='word_1_79' title='bbox 858 1704 889 1781; x_wconf 84' lang='lat'><strong>⁵).</strong></span> 
     </span>
    </p>

    <p class='ocr_par' dir='ltr' id='par_1_4' title="bbox 182 1813 1309 2692">
     <span class='ocr_line' id='line_1_12' title="bbox 230 1813 1307 1896; baseline 0.002 -17"><span class='ocrx_word' id='word_1_80' title='bbox 230 1817 274 1879; x_wconf 82' lang='grc' dir='ltr'><strong>Τὸ</strong></span> <span class='ocrx_word' id='word_1_81' title='bbox 309 1815 344 1886; x_wconf 79' lang='grc' dir='ltr'><strong>δη</strong></span> <span class='ocrx_word' id='word_1_82' title='bbox 379 1815 462 1893; x_wconf 84' lang='grc' dir='ltr'><em>μετά</em></span> <span class='ocrx_word' id='word_1_83' title='bbox 486 1819 572 1879; x_wconf 80' lang='grc' dir='ltr'><em>τοῦτο</em></span> <span class='ocrx_word' id='word_1_84' title='bbox 596 1814 730 1895; x_wconf 81' lang='grc' dir='ltr'><em>δεύτερος</em></span> <span class='ocrx_word' id='word_1_85' title='bbox 754 1815 884 1888; x_wconf 81' lang='grc' dir='ltr'><em>ἐνιαυτὸς</em></span> <span class='ocrx_word' id='word_1_86' title='bbox 907 1814 959 1879; x_wconf 86' lang='grc' dir='ltr'><strong>καί</strong></span> <span class='ocrx_word' id='word_1_87' title='bbox 980 1815 1088 1896; x_wconf 90' lang='grc' dir='ltr'><em>τρίτος,</em></span> <span class='ocrx_word' id='word_1_88' title='bbox 1113 1813 1165 1879; x_wconf 83' lang='grc' dir='ltr'><strong>καί</strong></span> <span class='ocrx_word' id='word_1_89' title='bbox 1191 1813 1307 1889; x_wconf 87' lang='grc' dir='ltr'><em>πάντες</em></span> 
     </span>
     <span class='ocr_line' id='line_1_13' title="bbox 185 1926 1308 2008; baseline 0.002 -16"><span class='ocrx_word' id='word_1_90' title='bbox 185 1929 240 2007; x_wconf 78' lang='grc' dir='ltr'><strong>μὲν</strong></span> <span class='ocrx_word' id='word_1_91' title='bbox 275 1929 473 2003; x_wconf 78' lang='grc' dir='ltr'><em>άπεληλαντο</em></span> <span class='ocrx_word' id='word_1_92' title='bbox 509 1937 564 2004; x_wconf 77' lang='grc' dir='ltr'><strong>τῆς</strong></span> <span class='ocrx_word' id='word_1_93' title='bbox 596 1926 756 2001; x_wconf 88' lang='grc' dir='ltr'><em>Γαλατίας</em></span> <span class='ocrx_word' id='word_1_94' title='bbox 786 1929 811 1991; x_wconf 90' lang='grc' dir='ltr'><strong>οί</strong></span> <span class='ocrx_word' id='word_1_95' title='bbox 834 1926 992 2008; x_wconf 87' lang='grc' dir='ltr'><em>βάρβαροι,</em></span> <span class='ocrx_word' id='word_1_96' title='bbox 1017 1935 1162 1993; x_wconf 78' lang='grc' dir='ltr'><em>πλεῖσται</em></span> <span class='ocrx_word' id='word_1_97' title='bbox 1187 1929 1218 1994; x_wconf 85' lang='grc' dir='ltr'><strong>δὲ</strong></span> <span class='ocrx_word' id='word_1_98' title='bbox 1241 1931 1308 1994; x_wconf 86' lang='grc' dir='ltr'><em>οίνε-</em></span> 
     </span>
     <span class='ocr_line' id='line_1_14' title="bbox 186 2041 1309 2122; baseline 0.002 -16"><span class='ocrx_word' id='word_1_99' title='bbox 186 2043 347 2121; x_wconf 78' lang='grc' dir='ltr'><em>ληφθησαν</em></span> <span class='ocrx_word' id='word_1_100' title='bbox 371 2045 428 2105; x_wconf 81' lang='grc' dir='ltr'><strong>τῶν</strong></span> <span class='ocrx_word' id='word_1_101' title='bbox 454 2041 578 2114; x_wconf 87' lang='grc' dir='ltr'><em>πίλεον,</em></span> <span class='ocrx_word' id='word_1_102' title='bbox 605 2042 808 2119; x_wconf 76' lang='grc' dir='ltr'><em>παμπληθεῖς</em></span> <span class='ocrx_word' id='word_1_103' title='bbox 832 2042 863 2105; x_wconf 80' lang='grc' dir='ltr'><strong>δὲ</strong></span> <span class='ocrx_word' id='word_1_104' title='bbox 882 2043 945 2106; x_wconf 80' lang='grc' dir='ltr'><strong>άπὸ</strong></span> <span class='ocrx_word' id='word_1_105' title='bbox 965 2049 1020 2115; x_wconf 80' lang='grc' dir='ltr'><strong>τῆς</strong></span> <span class='ocrx_word' id='word_1_106' title='bbox 1031 2043 1226 2122; x_wconf 84' lang='grc' dir='ltr'><em>Βρεττανίδος</em></span> <span class='ocrx_word' id='word_1_107' title='bbox 1238 2048 1309 2117; x_wconf 80' lang='grc' dir='ltr'><em>ναῦς</em></span> 
     </span>
     <span class='ocr_line' id='line_1_15' title="bbox 182 2152 1308 2237; baseline 0.002 -18"><span class='ocrx_word' id='word_1_108' title='bbox 182 2157 365 2234; x_wconf 78' lang='grc' dir='ltr'><em>άνηχίησαν.</em></span> <span class='ocrx_word' id='word_1_109' title='bbox 391 2152 547 2230; x_wconf 78' lang='grc' dir='ltr'><em>ἑξακοσίων</em></span> <span class='ocrx_word' id='word_1_110' title='bbox 571 2160 641 2228; x_wconf 82' lang='grc' dir='ltr'><em>νηῶν</em></span> <span class='ocrx_word' id='word_1_111' title='bbox 664 2156 816 2233; x_wconf 77' lang='grc' dir='ltr'><em>άνάγαγον</em></span> <span class='ocrx_word' id='word_1_112' title='bbox 840 2155 954 2229; x_wconf 79' lang='grc' dir='ltr'><em>στόλον,</em></span> <span class='ocrx_word' id='word_1_113' title='bbox 979 2152 1014 2220; x_wconf 80' lang='grc' dir='ltr'><strong>ὧν</strong></span> <span class='ocrx_word' id='word_1_114' title='bbox 1038 2156 1095 2226; x_wconf 76' lang='grc' dir='ltr'><em>τοὶς</em></span> <span class='ocrx_word' id='word_1_115' title='bbox 1115 2156 1308 2237; x_wconf 66' lang='grc' dir='ltr'><strong>τετρακοσίοις</strong></span> 
     </span>
     <span class='ocr_line' id='line_1_16' title="bbox 183 2265 1307 2348; baseline 0.002 -16"><span class='ocrx_word' id='word_1_116' title='bbox 183 2271 212 2332; x_wconf 84' lang='grc' dir='ltr'><strong>ἐν</strong></span> <span class='ocrx_word' id='word_1_117' title='bbox 248 2269 314 2332; x_wconf 79' lang='grc' dir='ltr'><em>οὐδὲ</em></span> <span class='ocrx_word' id='word_1_118' title='bbox 348 2265 426 2341; x_wconf 81' lang='grc' dir='ltr'><em>ίλοις</em></span> <span class='ocrx_word' id='word_1_119' title='bbox 462 2268 536 2346; x_wconf 84' lang='grc' dir='ltr'><em>μησί</em></span> <span class='ocrx_word' id='word_1_120' title='bbox 568 2267 638 2332; x_wconf 83' lang='grc' dir='ltr'><em>δίκα</em></span> <span class='ocrx_word' id='word_1_121' title='bbox 664 2268 934 2347; x_wconf 69' lang='grc' dir='ltr'><em>ναυπηγησάμενος</em></span> <span class='ocrx_word' id='word_1_122' title='bbox 957 2267 1060 2342; x_wconf 85' lang='grc' dir='ltr'><em>πάσας</em></span> <span class='ocrx_word' id='word_1_123' title='bbox 1083 2270 1242 2348; x_wconf 75' lang='grc' dir='ltr'><em>εἰσήγαγον</em></span> <span class='ocrx_word' id='word_1_124' title='bbox 1266 2271 1307 2341; x_wconf 84' lang='grc' dir='ltr'><strong>είς</strong></span> 
     </span>
     <span class='ocr_line' id='line_1_17' title="bbox 182 2381 1306 2463; baseline -0.001 -16"><span class='ocrx_word' id='word_1_125' title='bbox 182 2383 232 2447; x_wconf 81' lang='grc' dir='ltr'><em>το’ν</em></span> <span class='ocrx_word' id='word_1_126' title='bbox 256 2384 360 2455; x_wconf 77' lang='grc' dir='ltr'><em>Ῥῆνον,</em></span> <span class='ocrx_word' id='word_1_127' title='bbox 385 2381 465 2463; x_wconf 85' lang='grc' dir='ltr'><em>ἔργον</em></span> <span class='ocrx_word' id='word_1_128' title='bbox 489 2383 520 2446; x_wconf 85' lang='grc' dir='ltr'><strong>οὐ</strong></span> <span class='ocrx_word' id='word_1_129' title='bbox 545 2383 647 2462; x_wconf 79' lang='grc' dir='ltr'><em>μικρὸν</em></span> <span class='ocrx_word' id='word_1_130' title='bbox 670 2382 721 2447; x_wconf 81' lang='grc' dir='ltr'><strong>διά</strong></span> <span class='ocrx_word' id='word_1_131' title='bbox 744 2383 813 2456; x_wconf 79' lang='grc' dir='ltr'><em>τοὺς</em></span> <span class='ocrx_word' id='word_1_132' title='bbox 836 2383 1041 2462; x_wconf 77' lang='grc' dir='ltr'><em>ἐπικειμένους</em></span> <span class='ocrx_word' id='word_1_133' title='bbox 1065 2384 1116 2448; x_wconf 79' lang='grc' dir='ltr'><strong>καί</strong></span> <span class='ocrx_word' id='word_1_134' title='bbox 1137 2388 1306 2463; x_wconf 84' lang='grc' dir='ltr'><em>παροικοῦν-</em></span> 
     </span>
     <span class='ocr_line' id='line_1_18' title="bbox 182 2495 1307 2579; baseline 0.003 -20"><span class='ocrx_word' id='word_1_135' title='bbox 182 2521 240 2569; x_wconf 86' lang='grc' dir='ltr'><strong>τας</strong></span> <span class='ocrx_word' id='word_1_136' title='bbox 265 2495 392 2569; x_wconf 77' lang='grc' dir='ltr'><em>πλησίον</em></span> <span class='ocrx_word' id='word_1_137' title='bbox 416 2495 607 2577; x_wconf 88' lang='grc' dir='ltr'><em>βαρβάρους.</em></span> <span class='ocrx_word' id='word_1_138' title='bbox 623 2546 630 2559; x_wconf 94' lang='grc'><strong>.</strong></span> <span class='ocrx_word' id='word_1_139' title='bbox 646 2545 675 2560; x_wconf 92' lang='grc'><strong>..</strong></span> <span class='ocrx_word' id='word_1_140' title='bbox 700 2498 775 2561; x_wconf 75' lang='grc' dir='ltr'><em>ἀλλ’</em></span> <span class='ocrx_word' id='word_1_141' title='bbox 801 2499 851 2562; x_wconf 82' lang='grc' dir='ltr'><strong>ἐπ’</strong></span> <span class='ocrx_word' id='word_1_142' title='bbox 877 2497 987 2571; x_wconf 83' lang='grc' dir='ltr'><em>αὐτοὺς</em></span> <span class='ocrx_word' id='word_1_143' title='bbox 1007 2497 1207 2579; x_wconf 84' lang='grc' dir='ltr'><em>στρατεύσας,</em></span> <span class='ocrx_word' id='word_1_144' title='bbox 1227 2500 1307 2577; x_wconf 84' lang='grc' dir='ltr'><em>άμυ-</em></span> 
     </span>
     <span class='ocr_line' id='line_1_19' title="bbox 182 2607 1306 2692; baseline 0.002 -19"><span class='ocrx_word' id='word_1_145' title='bbox 182 2609 285 2674; x_wconf 85' lang='grc' dir='ltr'><em>νάντοιν</em></span> <span class='ocrx_word' id='word_1_146' title='bbox 320 2633 369 2687; x_wconf 91' lang='grc' dir='ltr'><strong>μοι</strong></span> <span class='ocrx_word' id='word_1_147' title='bbox 405 2609 457 2673; x_wconf 83' lang='grc' dir='ltr'><strong>καί</strong></span> <span class='ocrx_word' id='word_1_148' title='bbox 494 2609 693 2688; x_wconf 81' lang='grc' dir='ltr'><em>παρεστώτων</em></span> <span class='ocrx_word' id='word_1_149' title='bbox 724 2612 801 2684; x_wconf 76' lang='grc' dir='ltr'><em>θεῶν,</em></span> <span class='ocrx_word' id='word_1_150' title='bbox 836 2607 1029 2690; x_wconf 74' lang='grc' dir='ltr'><em>ὑπεδεξάμην</em></span> <span class='ocrx_word' id='word_1_151' title='bbox 1053 2612 1108 2689; x_wconf 80' lang='grc' dir='ltr'><strong>μὲν</strong></span> <span class='ocrx_word' id='word_1_152' title='bbox 1129 2618 1231 2692; x_wconf 80' lang='grc' dir='ltr'><em>μοῖραν</em></span> <span class='ocrx_word' id='word_1_153' title='bbox 1254 2616 1306 2676; x_wconf 81' lang='grc' dir='ltr'><strong>τοῦ</strong></span> 
     </span>
    </p>
   </div>
   <div class='ocr_carea' id='block_1_3' title="bbox 181 2713 1307 2802">
    <p class='ocr_par' dir='ltr' id='par_1_5' title="bbox 181 2713 1307 2802">
     <span class='ocr_line' id='line_1_20' title="bbox 181 2713 1307 2802; baseline 0.002 -16"><span class='ocrx_word' id='word_1_154' title='bbox 181 2723 302 2787; x_wconf 84' lang='grc' dir='ltr'><em>Σαλίαν</em></span> <span class='ocrx_word' id='word_1_155' title='bbox 333 2721 436 2796; x_wconf 78' lang='grc' dir='ltr'><em>ἔθνους,</em></span> <span class='ocrx_word' id='word_1_156' title='bbox 461 2722 632 2802; x_wconf 91' lang='grc' dir='ltr'><em>Χαμάβους</em></span> <span class='ocrx_word' id='word_1_157' title='bbox 656 2725 687 2788; x_wconf 81' lang='grc' dir='ltr'><strong>δὲ</strong></span> <span class='ocrx_word' id='word_1_158' title='bbox 712 2721 859 2799; x_wconf 80' lang='grc' dir='ltr'><em>ἐξηλασα,</em></span> <span class='ocrx_word' id='word_1_159' title='bbox 880 2725 1000 2798; x_wconf 82' lang='grc' dir='ltr'><em>πολλάς</em></span> <span class='ocrx_word' id='word_1_160' title='bbox 1024 2713 1097 2802; x_wconf 80' lang='grc' dir='ltr'><em>βοίις</em></span> <span class='ocrx_word' id='word_1_161' title='bbox 1121 2723 1172 2788; x_wconf 83' lang='grc' dir='ltr'><strong>καί</strong></span> <span class='ocrx_word' id='word_1_162' title='bbox 1195 2724 1307 2802; x_wconf 81' lang='grc' dir='ltr'><em>γύναια</em></span> 
     </span>
    </p>
   </div>
   <div class='ocr_carea' id='block_1_4' title="bbox 180 2835 1307 3604">
    <p class='ocr_par' dir='ltr' id='par_1_6' title="bbox 182 2835 1307 3145">
     <span class='ocr_line' id='line_1_21' title="bbox 182 2835 1307 2920; baseline 0.002 -20"><span class='ocrx_word' id='word_1_163' title='bbox 182 2835 266 2914; x_wconf 82' lang='grc' dir='ltr'><em>μετά</em></span> <span class='ocrx_word' id='word_1_164' title='bbox 305 2836 467 2918; x_wconf 77' lang='grc' dir='ltr'><em>παιδαρίων</em></span> <span class='ocrx_word' id='word_1_165' title='bbox 503 2837 679 2915; x_wconf 81' lang='grc' dir='ltr'><em>συλλαβών,</em></span> <span class='ocrx_word' id='word_1_166' title='bbox 715 2835 790 2903; x_wconf 78' lang='grc' dir='ltr'><em>οὕτω</em></span> <span class='ocrx_word' id='word_1_167' title='bbox 826 2839 857 2902; x_wconf 83' lang='grc' dir='ltr'><strong>δὲ</strong></span> <span class='ocrx_word' id='word_1_168' title='bbox 890 2837 1011 2911; x_wconf 85' lang='grc' dir='ltr'><em>πάντας</em></span> <span class='ocrx_word' id='word_1_169' title='bbox 1042 2837 1197 2920; x_wconf 75' lang='grc' dir='ltr'><em>ἕφίβησα,</em></span> <span class='ocrx_word' id='word_1_170' title='bbox 1231 2835 1307 2902; x_wconf 81' lang='grc' dir='ltr'><em>άστε</em></span> 
     </span>
     <span class='ocr_line' id='line_1_22' title="bbox 183 2950 1306 3035; baseline 0.001 -21"><span class='ocrx_word' id='word_1_171' title='bbox 183 2957 378 3032; x_wconf 76' lang='grc' dir='ltr'><em>παραχρῆμα</em></span> <span class='ocrx_word' id='word_1_172' title='bbox 420 2952 529 3030; x_wconf 79' lang='grc' dir='ltr'><em>λαβεῖν</em></span> <span class='ocrx_word' id='word_1_173' title='bbox 572 2950 694 3033; x_wconf 74' lang='grc' dir='ltr'><em>ὁμήρους</em></span> <span class='ocrx_word' id='word_1_174' title='bbox 735 2953 786 3016; x_wconf 82' lang='grc' dir='ltr'><strong>καί</strong></span> <span class='ocrx_word' id='word_1_175' title='bbox 827 2961 865 3034; x_wconf 69' lang='grc' dir='ltr'><strong>τῇ</strong></span> <span class='ocrx_word' id='word_1_176' title='bbox 901 2951 1096 3035; x_wconf 77' lang='grc' dir='ltr'><em>σιτοπομπία</em></span> <span class='ocrx_word' id='word_1_177' title='bbox 1135 2958 1306 3033; x_wconf 81' lang='grc' dir='ltr'><em>παρασχεῖν</em></span> 
     </span>
     <span class='ocr_line' id='line_1_23' title="bbox 182 3065 473 3145; baseline 0.003 -18"><span class='ocrx_word' id='word_1_178' title='bbox 182 3065 315 3145; x_wconf 76' lang='grc' dir='ltr'><em>άσφαλῆ</em></span> <span class='ocrx_word' id='word_1_179' title='bbox 338 3065 473 3142; x_wconf 80' lang='grc' dir='ltr'><em>κομιδήν.</em></span> 
     </span>
    </p>

    <p class='ocr_par' dir='ltr' id='par_1_7' title="bbox 180 3177 1307 3604">
     <span class='ocr_line' id='line_1_24' title="bbox 226 3177 1306 3264; baseline 0.003 -23"><span class='ocrx_word' id='word_1_180' title='bbox 226 3177 274 3243; x_wconf 88' lang='lat' dir='ltr'><strong>De</strong></span> <span class='ocrx_word' id='word_1_181' title='bbox 291 3177 322 3241; x_wconf 88' lang='lat'><strong>1⁰</strong></span> <span class='ocrx_word' id='word_1_182' title='bbox 334 3181 433 3262; x_wconf 85' lang='lat' dir='ltr'><strong>igitur</strong></span> <span class='ocrx_word' id='word_1_183' title='bbox 446 3199 510 3243; x_wconf 91' lang='lat' dir='ltr'><strong>non</strong></span> <span class='ocrx_word' id='word_1_184' title='bbox 525 3179 668 3262; x_wconf 91' lang='lat' dir='ltr'><strong>loquitur</strong></span> <span class='ocrx_word' id='word_1_185' title='bbox 679 3179 841 3260; x_wconf 87' lang='lat' dir='ltr'><strong>Julianus,</strong></span> <span class='ocrx_word' id='word_1_186' title='bbox 854 3182 915 3244; x_wconf 89' lang='lat' dir='ltr'><strong>nisi</strong></span> <span class='ocrx_word' id='word_1_187' title='bbox 929 3180 1015 3264; x_wconf 92' lang='lat' dir='ltr'><strong>quod</strong></span> <span class='ocrx_word' id='word_1_188' title='bbox 1029 3198 1140 3245; x_wconf 88' lang='lat' dir='ltr'><strong>omnes</strong></span> <span class='ocrx_word' id='word_1_189' title='bbox 1153 3180 1306 3244; x_wconf 89' lang='lat' dir='ltr'><strong>barbaros</strong></span> 
     </span>
     <span class='ocr_line' id='line_1_25' title="bbox 182 3292 1307 3375; baseline 0 -19"><span class='ocrx_word' id='word_1_190' title='bbox 182 3293 286 3356; x_wconf 83' lang='lat' dir='ltr'><strong>Gallia</strong></span> <span class='ocrx_word' id='word_1_191' title='bbox 298 3293 451 3375; x_wconf 80' lang='lat' dir='ltr'><strong>expulsos</strong></span> <span class='ocrx_word' id='word_1_192' title='bbox 464 3312 534 3356; x_wconf 85' lang='lat' dir='ltr'><strong>esse</strong></span> <span class='ocrx_word' id='word_1_193' title='bbox 548 3294 632 3356; x_wconf 82' lang='lat' dir='ltr'><strong>dicit.</strong></span> <span class='ocrx_word' id='word_1_194' title='bbox 644 3293 716 3356; x_wconf 74' lang='lat' dir='ltr'><strong>&#39;l&#39;ria</strong></span> <span class='ocrx_word' id='word_1_195' title='bbox 729 3293 791 3356; x_wconf 88' lang='lat' dir='ltr'><strong>alia</strong></span> <span class='ocrx_word' id='word_1_196' title='bbox 802 3292 887 3371; x_wconf 78' lang='lat'><strong>(20-</strong></span> <span class='ocrx_word' id='word_1_197' title='bbox 896 3292 942 3370; x_wconf 71' lang='lat'><strong>4⁰)</strong></span> <span class='ocrx_word' id='word_1_198' title='bbox 956 3295 1001 3357; x_wconf 86' lang='lat' dir='ltr'><strong>sie</strong></span> <span class='ocrx_word' id='word_1_199' title='bbox 1014 3299 1136 3375; x_wconf 79' lang='lat' dir='ltr'><strong>tractat,</strong></span> <span class='ocrx_word' id='word_1_200' title='bbox 1150 3300 1185 3357; x_wconf 95' lang='lat' dir='ltr'><strong>ut</strong></span> <span class='ocrx_word' id='word_1_201' title='bbox 1198 3295 1307 3357; x_wconf 90' lang='lat' dir='ltr'><strong>omnia</strong></span> 
     </span>
     <span class='ocr_line' id='line_1_26' title="bbox 180 3406 1304 3491; baseline 0.001 -22"><span class='ocrx_word' id='word_1_202' title='bbox 180 3408 334 3471; x_wconf 88' lang='lat' dir='ltr'><strong>frumenti</strong></span> <span class='ocrx_word' id='word_1_203' title='bbox 358 3407 536 3469; x_wconf 79' lang='lat' dir='ltr'><strong>Britannici</strong></span> <span class='ocrx_word' id='word_1_204' title='bbox 560 3427 657 3470; x_wconf 83' lang='lat' dir='ltr'><strong>eausa</strong></span> <span class='ocrx_word' id='word_1_205' title='bbox 680 3407 762 3470; x_wconf 87' lang='lat' dir='ltr'><strong>faeta</strong></span> <span class='ocrx_word' id='word_1_206' title='bbox 787 3425 858 3471; x_wconf 85' lang='lat' dir='ltr'><strong>esse</strong></span> <span class='ocrx_word' id='word_1_207' title='bbox 881 3414 1038 3491; x_wconf 87' lang='lat' dir='ltr'><strong>appareat.</strong></span> <span class='ocrx_word' id='word_1_208' title='bbox 1062 3407 1169 3471; x_wconf 77' lang='lat' dir='ltr'><strong>Nares</strong></span> <span class='ocrx_word' id='word_1_209' title='bbox 1192 3406 1304 3471; x_wconf 88' lang='lat' dir='ltr'><strong>Rheno</strong></span> 
     </span>
     <span class='ocr_line' id='line_1_27' title="bbox 180 3519 1306 3604; baseline 0.004 -23"><span class='ocrx_word' id='word_1_210' title='bbox 180 3523 326 3584; x_wconf 73' lang='lat' dir='ltr'><strong>immisse</strong></span> <span class='ocrx_word' id='word_1_211' title='bbox 361 3527 448 3601; x_wconf 81' lang='lat' dir='ltr'><strong>sunt,</strong></span> <span class='ocrx_word' id='word_1_212' title='bbox 474 3523 520 3584; x_wconf 82' lang='lat' dir='ltr'><strong>sie</strong></span> <span class='ocrx_word' id='word_1_213' title='bbox 544 3521 629 3601; x_wconf 84' lang='lat' dir='ltr'><strong>dicit,</strong></span> <span class='ocrx_word' id='word_1_214' title='bbox 654 3520 740 3603; x_wconf 88' lang='lat' dir='ltr'><strong>quod</strong></span> <span class='ocrx_word' id='word_1_215' title='bbox 764 3520 894 3585; x_wconf 84' lang='lat' dir='ltr'><strong>difficile</strong></span> <span class='ocrx_word' id='word_1_216' title='bbox 918 3527 984 3584; x_wconf 89' lang='lat' dir='ltr'><strong>erat</strong></span> <span class='ocrx_word' id='word_1_217' title='bbox 1008 3527 1135 3604; x_wconf 88' lang='lat' dir='ltr'><strong>propter</strong></span> <span class='ocrx_word' id='word_1_218' title='bbox 1155 3519 1306 3586; x_wconf 87' lang='lat' dir='ltr'><strong>barbaros</strong></span> 
     </span>
    </p>
   </div>
   <div class='ocr_carea' id='block_1_5' title="bbox 177 3717 1306 4515">
    <p class='ocr_par' dir='ltr' id='par_1_8' title="bbox 179 3717 1306 3859">
     <span class='ocr_line' id='line_1_28' title="bbox 213 3717 1306 3784; baseline 0.005 -19"><span class='ocrx_word' id='word_1_219' title='bbox 213 3717 240 3777; x_wconf 85' lang='grc' dir='ltr'><strong>Ι)</strong></span> <span class='ocrx_word' id='word_1_220' title='bbox 260 3717 296 3766; x_wconf 89' lang='lat' dir='ltr'><strong>De</strong></span> <span class='ocrx_word' id='word_1_221' title='bbox 321 3717 426 3767; x_wconf 87' lang='lat' dir='ltr'><strong>Juliano</strong></span> <span class='ocrx_word' id='word_1_222' title='bbox 449 3718 610 3781; x_wconf 84' lang='lat' dir='ltr'><strong>imperatore</strong></span> <span class='ocrx_word' id='word_1_223' title='bbox 636 3718 799 3781; x_wconf 85' lang='lat' dir='ltr'><strong>scripturum</strong></span> <span class='ocrx_word' id='word_1_224' title='bbox 826 3717 873 3780; x_wconf 89' lang='lat' dir='ltr'><strong>qui</strong></span> <span class='ocrx_word' id='word_1_225' title='bbox 901 3732 944 3768; x_wconf 84' lang='lat' dir='ltr'><strong>res</strong></span> <span class='ocrx_word' id='word_1_226' title='bbox 968 3718 996 3769; x_wconf 92' lang='lat' dir='ltr'><strong>in</strong></span> <span class='ocrx_word' id='word_1_227' title='bbox 1021 3717 1104 3768; x_wconf 87' lang='lat' dir='ltr'><strong>Gallia</strong></span> <span class='ocrx_word' id='word_1_228' title='bbox 1121 3719 1154 3770; x_wconf 86' lang='lat' dir='ltr'><strong>ab</strong></span> <span class='ocrx_word' id='word_1_229' title='bbox 1169 3733 1200 3769; x_wconf 90' lang='lat' dir='ltr'><strong>eo</strong></span> <span class='ocrx_word' id='word_1_230' title='bbox 1218 3724 1306 3784; x_wconf 73' lang='lat' dir='ltr'><strong>gestas</strong></span> 
     </span>
     <span class='ocr_line' id='line_1_29' title="bbox 179 3813 478 3859; baseline 0.003 -2"><span class='ocrx_word' id='word_1_231' title='bbox 179 3814 342 3858; x_wconf 85' lang='lat' dir='ltr'><strong>enarrarunt</strong></span> <span class='ocrx_word' id='word_1_232' title='bbox 360 3813 478 3859; x_wconf 86' lang='lat' dir='ltr'><strong>auctore.</strong></span> 
     </span>
    </p>

    <p class='ocr_par' dir='ltr' id='par_1_9' title="bbox 212 3898 598 3965">
     <span class='ocr_line' id='line_1_30' title="bbox 212 3898 598 3965; baseline 0.008 -17"><span class='ocrx_word' id='word_1_233' title='bbox 212 3898 240 3962; x_wconf 65' lang='grc' dir='ltr'><strong>ά)</strong></span> <span class='ocrx_word' id='word_1_234' title='bbox 258 3899 351 3963; x_wconf 91' lang='lat' dir='ltr'><strong>Suppl.</strong></span> <span class='ocrx_word' id='word_1_235' title='bbox 367 3899 408 3963; x_wconf 72' lang='lat'><strong>25,</strong></span> <span class='ocrx_word' id='word_1_236' title='bbox 427 3915 452 3963; x_wconf 93' lang='lat' dir='ltr'><strong>p.</strong></span> <span class='ocrx_word' id='word_1_237' title='bbox 470 3898 520 3950; x_wconf 76' lang='lat'><strong>334</strong></span> <span class='ocrx_word' id='word_1_238' title='bbox 540 3915 598 3965; x_wconf 88' lang='lat' dir='ltr'><strong>sqq.</strong></span> 
     </span>
    </p>

    <p class='ocr_par' dir='ltr' id='par_1_10' title="bbox 177 3988 1305 4146">
     <span class='ocr_line' id='line_1_31' title="bbox 212 3988 1305 4058; baseline 0.005 -19"><span class='ocrx_word' id='word_1_239' title='bbox 212 3988 240 4053; x_wconf 89' lang='grc'><strong>3)</strong></span> <span class='ocrx_word' id='word_1_240' title='bbox 259 3989 301 4054; x_wconf 86' lang='grc' dir='ltr'><strong>ΙΙΙ,</strong></span> <span class='ocrx_word' id='word_1_241' title='bbox 320 3989 360 4052; x_wconf 84' lang='grc'><strong>10,</strong></span> <span class='ocrx_word' id='word_1_242' title='bbox 385 3990 530 4056; x_wconf 81' lang='lat' dir='ltr'><strong>(Oorlogen</strong></span> <span class='ocrx_word' id='word_1_243' title='bbox 546 3992 611 4041; x_wconf 87' lang='lat' dir='ltr'><strong>door</strong></span> <span class='ocrx_word' id='word_1_244' title='bbox 629 3993 723 4042; x_wconf 87' lang='lat' dir='ltr'><strong>Keizer</strong></span> <span class='ocrx_word' id='word_1_245' title='bbox 740 3993 863 4042; x_wconf 89' lang='lat' dir='ltr'><strong>Julianus</strong></span> <span class='ocrx_word' id='word_1_246' title='bbox 882 3993 934 4043; x_wconf 87' lang='lat' dir='ltr'><strong>dan</strong></span> <span class='ocrx_word' id='word_1_247' title='bbox 954 3992 1086 4058; x_wconf 75' lang='lat' dir='ltr'><strong>Alvallige</strong></span> <span class='ocrx_word' id='word_1_248' title='bbox 1103 3993 1132 4044; x_wconf 90' lang='lat' dir='ltr'><strong>in</strong></span> <span class='ocrx_word' id='word_1_249' title='bbox 1151 3992 1183 4044; x_wconf 87' lang='lat' dir='ltr'><strong>de</strong></span> <span class='ocrx_word' id='word_1_250' title='bbox 1203 3994 1305 4045; x_wconf 87' lang='lat' dir='ltr'><strong>Neder-</strong></span> 
     </span>
     <span class='ocr_line' id='line_1_32' title="bbox 177 4081 582 4146; baseline 0.007 -16"><span class='ocrx_word' id='word_1_251' title='bbox 177 4082 276 4132; x_wconf 84' lang='lat' dir='ltr'><strong>landen</strong></span> <span class='ocrx_word' id='word_1_252' title='bbox 293 4083 428 4146; x_wconf 81' lang='lat' dir='ltr'><strong>gevoerd),</strong></span> <span class='ocrx_word' id='word_1_253' title='bbox 446 4097 471 4145; x_wconf 94' lang='lat' dir='ltr'><strong>p.</strong></span> <span class='ocrx_word' id='word_1_254' title='bbox 490 4081 582 4133; x_wconf 77' lang='lat'><strong>1-41.</strong></span> 
     </span>
    </p>

    <p class='ocr_par' dir='ltr' id='par_1_11' title="bbox 179 4171 1306 4420">
     <span class='ocr_line' id='line_1_33' title="bbox 213 4171 1305 4238; baseline 0.003 -16"><span class='ocrx_word' id='word_1_255' title='bbox 213 4172 240 4230; x_wconf 73' lang='lat' dir='ltr'><strong>ll</strong></span> <span class='ocrx_word' id='word_1_256' title='bbox 258 4173 326 4224; x_wconf 89' lang='lat' dir='ltr'><strong>Nam</strong></span> <span class='ocrx_word' id='word_1_257' title='bbox 344 4173 483 4223; x_wconf 83' lang='lat' dir='ltr'><strong>Oribasius</strong></span> <span class='ocrx_word' id='word_1_258' title='bbox 500 4171 521 4231; x_wconf 79' lang='grc' dir='ltr'><strong>ἐς</strong></span> <span class='ocrx_word' id='word_1_259' title='bbox 541 4175 574 4222; x_wconf 74' lang='grc' dir='ltr'><strong>τά</strong></span> <span class='ocrx_word' id='word_1_260' title='bbox 595 4174 708 4236; x_wconf 84' lang='grc' dir='ltr'><em>μάλιστα</em></span> <span class='ocrx_word' id='word_1_261' title='bbox 725 4177 831 4236; x_wconf 79' lang='grc' dir='ltr'><em>γεγονὼς</em></span> <span class='ocrx_word' id='word_1_262' title='bbox 850 4174 916 4238; x_wconf 74' lang='grc' dir='ltr'><em>αὐτῷ</em></span> <span class='ocrx_word' id='word_1_263' title='bbox 937 4175 1117 4237; x_wconf 85' lang='grc' dir='ltr'><em>γνάριμος....</em></span> <span class='ocrx_word' id='word_1_264' title='bbox 1134 4179 1180 4223; x_wconf 75' lang='grc' dir='ltr'><strong>τῶν</strong></span> <span class='ocrx_word' id='word_1_265' title='bbox 1200 4176 1231 4235; x_wconf 74' lang='grc' dir='ltr'><strong>γὲ</strong></span> <span class='ocrx_word' id='word_1_266' title='bbox 1246 4176 1305 4237; x_wconf 85' lang='grc' dir='ltr'><em>πρά-</em></span> 
     </span>
     <span class='ocr_line' id='line_1_34' title="bbox 179 4265 1306 4331; baseline 0.005 -19"><span class='ocrx_word' id='word_1_267' title='bbox 179 4266 236 4328; x_wconf 78' lang='grc' dir='ltr'><em>ξεων</em></span> <span class='ocrx_word' id='word_1_268' title='bbox 261 4265 407 4322; x_wconf 83' lang='grc' dir='ltr'><em>πάσας....</em></span> <span class='ocrx_word' id='word_1_269' title='bbox 433 4265 554 4322; x_wconf 67' lang='grc' dir='ltr'><em>ἠπίστατο</em></span> <span class='ocrx_word' id='word_1_270' title='bbox 580 4269 657 4326; x_wconf 80' lang='grc' dir='ltr'><em>παρὼν</em></span> <span class='ocrx_word' id='word_1_271' title='bbox 683 4266 789 4323; x_wconf 78' lang='grc' dir='ltr'><em>άπάσαις</em></span> <span class='ocrx_word' id='word_1_272' title='bbox 813 4272 922 4318; x_wconf 85' lang='lat' dir='ltr'><strong>auclore</strong></span> <span class='ocrx_word' id='word_1_273' title='bbox 944 4269 1064 4331; x_wconf 86' lang='lat' dir='ltr'><strong>Eunapio</strong></span> <span class='ocrx_word' id='word_1_274' title='bbox 1083 4267 1163 4331; x_wconf 71' lang='lat' dir='ltr'><strong>(trist.</strong></span> <span class='ocrx_word' id='word_1_275' title='bbox 1180 4267 1225 4318; x_wconf 84' lang='lat' dir='ltr'><strong>Gr.</strong></span> <span class='ocrx_word' id='word_1_276' title='bbox 1241 4267 1306 4318; x_wconf 85' lang='lat' dir='ltr'><strong>Min.</strong></span> 
     </span>
     <span class='ocr_line' id='line_1_35' title="bbox 181 4354 328 4420; baseline 0.014 -15"><span class='ocrx_word' id='word_1_277' title='bbox 181 4356 201 4417; x_wconf 91' lang='lat'><strong>1,</strong></span> <span class='ocrx_word' id='word_1_278' title='bbox 217 4354 274 4419; x_wconf 78' lang='lat' dir='ltr'><strong>nte,</strong></span> <span class='ocrx_word' id='word_1_279' title='bbox 293 4355 328 4420; x_wconf 83' lang='lat'><strong>6).</strong></span> 
     </span>
    </p>

    <p class='ocr_par' dir='ltr' id='par_1_12' title="bbox 214 4445 713 4515">
     <span class='ocr_line' id='line_1_36' title="bbox 214 4445 713 4515; baseline 0.006 -19"><span class='ocrx_word' id='word_1_280' title='bbox 214 4446 242 4512; x_wconf 91' lang='grc'><strong>5)</strong></span> <span class='ocrx_word' id='word_1_281' title='bbox 259 4445 309 4497; x_wconf 74' lang='lat'><strong>279</strong></span> <span class='ocrx_word' id='word_1_282' title='bbox 326 4445 435 4498; x_wconf 77' lang='lat' dir='ltr'><strong>D-aeu</strong></span> <span class='ocrx_word' id='word_1_283' title='bbox 453 4448 472 4498; x_wconf 86' lang='lat' dir='ltr'>C</span> <span class='ocrx_word' id='word_1_284' title='bbox 490 4449 523 4515; x_wconf 88' lang='grc' dir='ltr'><strong>(Ι,</strong></span> <span class='ocrx_word' id='word_1_285' title='bbox 542 4447 591 4499; x_wconf 84' lang='grc'><strong>360</strong></span> <span class='ocrx_word' id='word_1_286' title='bbox 611 4465 650 4512; x_wconf 85' lang='lat' dir='ltr'><strong>sq.</strong></span> <span class='ocrx_word' id='word_1_287' title='bbox 670 4449 713 4515; x_wconf 89' lang='lat' dir='ltr'><strong>H).</strong></span> 
     </span>
    </p>
   </div>
   <div class='ocr_carea' id='block_1_6' title="bbox 0 0 1624 5304">
    <p class='ocr_par' dir='ltr' id='par_1_13' title="bbox 0 0 1624 5304">
     <span class='ocr_line' id='line_1_37' title="bbox 0 0 1624 5304; baseline 0 2"><span class='ocrx_word' id='word_1_288' title='bbox 0 0 1624 5304; x_wconf 95' lang='lat' dir='ltr'><strong> </strong></span> 
     </span>
    </p>
   </div>
  </div>
 </body>
</html>
