3240 5304
736 567 775 638 51

196 784 267 828 mus
301 765 342 846 id,
377 764 465 846 quod
499 781 517 828 e
551 763 694 828 fontibus
719 763 758 827 de
780 765 885 848 priore
908 768 1009 828 aetate
1032 762 1202 848 agentibus
1225 761 1318 846 sequi

194 877 343 961 putabam
349 896 395 940 us.
420 875 528 960 Regio,
552 896 649 960 quam
663 875 800 940 divortio
812 877 864 940 sui
876 874 1010 940 Rhenus
1023 875 1236 959 amplectitur,
1249 876 1318 938 vin·

195 989 320 1054 dicatur
359 996 457 1072 atque
490 994 657 1073 purgatur,
691 987 889 1053 Francorum
925 989 1023 1071 milia,
1059 989 1116 1073 qui
1151 988 1316 1052 Bataviam

193 1101 338 1185 aliasque
361 1103 408 1165 cis
431 1099 580 1165 Rhenum
604 1109 705 1166 terras
727 1103 915 1166 invaserant
937 1105 1032 1186 (quae
1056 1102 1137 1166 aliae
1161 1103 1219 1167 hae
1244 1103 1319 1184 sint,

194 1235 258 1278 non
294 1216 432 1297 dieitur),
466 1216 580 1299 partim
615 1215 854 1280 interficiuntur
888 1215 1169 1300 depellunturque,
1202 1217 1317 1299 partim

195 1331 277 1412 capti
311 1329 518 1393 abducuntur
552 1331 585 1392 in
621 1329 746 1394 deserte
781 1329 902 1394 Galliae
934 1330 1004 1394 loca
1023 1335 1059 1393 ut
1083 1349 1160 1394 arva
1178 1331 1319 1411 jacentia

194 1443 351 1524 excolant,
374 1462 439 1526 quo
461 1441 544 1506 facto
571 1449 659 1524 „arat
683 1442 863 1506 Chamavus
883 1450 914 1507 et
933 1441 1087 1507 hrisius’t
1101 1442 1187 1507 Luce
1200 1442 1317 1506 clarius

192 1556 293 1638 igitur
326 1561 456 1639 apparet
488 1555 641 1619 Bataviae
672 1561 878 1638 occupatores
901 1555 1001 1620 fuisse
1025 1553 1211 1620 Chamavos.
1235 1553 1317 1617 Nam

111 1733 113 1738 ,
195 1669 282 1753 quod
316 1667 411 1733 Frisii
446 1688 576 1753 quoque
606 1677 905 1751 commemorantur,
933 1670 993 1733 hoc
1017 1689 1092 1732 cum
1117 1669 1196 1752 loco,
1220 1687 1316 1752 quem

195 1782 343 1846 ultimum
383 1783 547 1867 descripsi,
581 1782 719 1846 conferri
744 1784 856 1846 velim:
881 1783 1014 1846 intimae
1038 1781 1192 1846 lhanciae
1215 1782 1317 1845 natio·

195 1915 252 1960 nes
276 1916 341 1959 nou
361 1898 427 1978 jam
451 1897 491 1960 ab
516 1898 566 1961 his
589 1897 678 1979 locis,
702 1916 785 1980 quae
809 1898 883 1960 olim
905 1896 1043 1960 Romani
1054 1899 1249 1977 invaserant,
1261 1894 1317 1960 sed

195 2029 214 2072 a
237 2011 372 2093 proprii
395 2030 437 2073 ex
460 2011 583 2093 origine
607 2010 737 2074 sedibus
761 2017 791 2074 et
816 2011 856 2075 ab
882 2011 1003 2075 ultimis
1030 2010 1194 2074 barbariae
1218 2010 1316 2073 litori·

195 2124 256 2188 bos
287 2126 481 2189 avelluntur.
512 2124 657 2189 Primum
682 2127 741 2188 hoc
765 2132 873 2190 tenere
897 2125 1066 2190 debemus:
1092 2144 1156 2187 non
1181 2125 1319 2208 longea

194 2237 307 2302 Rheno
343 2239 442 2304 abiise
478 2238 719 2320 Constantium
736 2240 831 2323 'quod
855 2242 882 2304 si
905 2240 1042 2322 fecisset,
1068 2240 1170 2303 multo
1195 2240 1318 2321 maj0ri-

196 2350 257 2415 bus
279 2352 430 2416 laudibus
454 2371 527 2416 eurn
552 2354 773 2416 cumulassent
796 2355 991 2438 panegyrici,
1016 2372 1113 2436 quam
1134 2372 1317 2434 nunc,oum

194 2466 229 2528 in
263 2467 400 2530 transitu
435 2466 656 2530 tantummodo
691 2474 983 2532 commemorantur
1004 2473 1116 2551 gentes
1140 2486 1158 2529 a
1181 2468 1319 2551 propriis

196 2578 325 2644 sedibus
359 2579 500 2661 avulsae,
531 2580 655 2643 tollitur
684 2581 717 2642 in
742 2581 867 2645 coelum
892 2582 961 2645 sola
983 2581 1145 2664 expeditio
1168 2583 1203 2643 in
1226 2579 1318 2643 Bata·

196 2712 309 2756 vorum
345 2694 503 2773 insulam,
540 2713 612 2756 nam
637 2696 818 2777 imperator,
843 2697 900 2778 qui
923 2714 1035 2759 revera
1058 2696 1091 2757 in
1115 2696 1217 2778 ipsam
1242 2693 1318 2757 Ger-

196 2807 334 2869 maniam
355 2806 558 2890 aliquatenus
570 2813 776 2891 processerat,
791 2809 942 2892 qualibus
956 2810 1151 2892 quantisque
1162 2808 1315 2871 laudibus

196 2920 313 3003 dignus
344 2920 515 3003 videretur,
544 2922 576 2983 in
603 2920 792 2984 Maximiani
813 2923 966 2986 victoriae
989 2923 1241 2986 transrhenanae
1265 2921 1317 2985 de

196 3035 367 3117 scriptione
391 3035 549 3115 vidimus3
573 3042 736 3119 praeterea
761 3034 948 3100 Constantio
974 3039 1051 3120 ,qui
1074 3036 1240 3100 Bataviam
1264 3035 1318 3098 ad-

196 3166 277 3211 vena
299 3149 391 3213 hoste
414 3149 547 3232 depulso
560 3148 783 3232 purgaverut'’,
795 3152 968 3233 opponitur
979 3149 1066 3213 filius
1080 3150 1319 3231 Constantinus,

196 3263 249 3324 cni
284 3281 319 3326 se
354 3281 395 3326 ex
425 3263 540 3325 ultima
564 3261 711 3325 barbaria
734 3263 905 3348 indigenae
928 3264 1039 3347 populi
1064 3263 1213 3327 dedidere
1224 3264 1255 3341 ¹).
1279 3261 1318 3324 In

195 3373 298 3438 Rheni
325 3377 530 3458 proximitate
554 3382 678 3458 praeter
701 3377 788 3439 illam
814 3397 909 3461 quam
936 3374 1073 3440 Romani
1093 3377 1168 3439 olim
1192 3378 1319 3438 invase·

197 3495 267 3552 rant
296 3491 469 3574 regionem,
498 3490 518 3552 i.
539 3508 565 3553 e.
596 3495 720 3574 praeter
742 3491 882 3554 insulam
907 3493 1009 3573 ipsam
1035 3489 1240 3571 Batavorum,
1264 3508 1320 3551 ora

197 3603 365 3683 maritima,
400 3607 435 3666 ut
469 3604 599 3684 scimuS,
633 3603 837 3667 habitabatur
871 3624 890 3666 a
924 3602 1053 3682 Frisiis3
1091 3603 1152 3666 soli
1181 3600 1320 3666 Frisiis

195 3715 344 3779 litoribus
374 3717 469 3780 avelli
492 3722 653 3800 poterant3
679 3737 752 3780 nam
778 3717 817 3780 ad
841 3724 962 3801 gentes,
988 3735 1070 3800 quae
1094 3717 1223 3801 longius
1246 3715 1316 3778 abe-

195 3835 277 3912 rant,
299 3849 364 3893 non
384 3823 569 3914 pervenisse
589 3829 811 3896 Constantium
830 3834 897 3914 jam
910 3832 1211 3896 demonstravimus.
1225 3828 1318 3905 Quod

195 4077 323 4142 oppidum
349 4077 528 4128 Londiniense
554 4083 741 4142 pervenerant,
760 4078 888 4142 quicquid
907 4093 938 4128 ex
959 4077 1143 4127 mercennaria
1162 4077 1207 4125 illa
1226 4076 1319 4126 multi-

195 4167 289 4219 tudine
308 4169 481 4220 bnrbarorum
499 4171 598 4233 proelio
616 4171 796 4234 superfuerat,
815 4186 877 4220 cnm
896 4171 1000 4234 direpta
1010 4171 1117 4220 civitate
1127 4170 1219 4232 lugam
1228 4182 1319 4231 capes-

196 4275 255 4310 sere
273 4251 429 4326 cogitarent,
448 4262 545 4325 passim
563 4266 618 4311 tota
634 4261 700 4312 urhe
717 4262 883 4312 confecerint
900 4267 926 4312 et
945 4276 997 4311 non
1016 4262 1103 4310 solum
1113 4259 1320 4323 provincialibus
1356 4291 1357 4294 =

197 4353 294 4402 vestris
324 4353 353 4402 in
385 4353 464 4403 caede
489 4352 608 4403 hostium
635 4353 758 4404 dederint
785 4355 909 4412 salntem,
935 4354 981 4403 sed
1007 4353 1089 4403 etiam
1116 4353 1144 4401 in
1169 4354 1320 4416 spectaculo

197 4444 386 4508 mwm’

230 4534 259 4602 1)
277 4535 341 4586 Pan.
358 4536 402 4602 IX,
420 4535 460 4600 25,
479 4537 512 4586 cl.
531 4537 573 4602 Vl,
590 4535 613 4588 d.
