3240 5304
713 560 752 624 61

169 748 306 823 καύῆκον,
342 744 434 822 οὕτως
471 741 504 812 εύ
541 745 759 829 πεφραγμένον
794 747 865 827 πρὸς
895 747 937 812 τύ
968 752 1025 813 τῶν
1048 747 1190 828 πολέμιον
1213 747 1296 830 ἔργα,

166 861 244 927 ιὲίστε
268 864 321 938 τὴν
346 861 542 944 προσηγορίαν
565 863 623 926 ἀπ’
649 863 747 927 αὐτῶν
770 862 920 943 ἑυροίμενοι
945 867 1003 928 τῶν
1027 861 1163 944 προίξεων
1186 861 1293 943 ύνομοί-

161 974 265 1056 ζονται
290 975 427 1057 Φρακτοί.
454 977 479 1041 οἱ
503 977 534 1040 δὲ
560 976 618 1040 ὑπὸ
642 980 699 1041 τῶν
725 981 846 1042 πολλῶν
872 977 1037 1051 κέκληνται
1059 975 1292 1059 Φραμκοί.ούτοι

164 1090 222 1168 μὲν
246 1089 352 1163 πλήύει
380 1088 484 1154 ποίντα
508 1089 628 1170 οίριύμὸν
652 1089 881 1170 ὑπερβαίνουσιν
1006 1089 1123 1165 τούτοις
1142 1089 1223 1171 ζοίλνρ
1237 1091 1293 1170 μὲν

164 1202 321 1278 ύαλοίττνς
355 1203 437 1267 οὐδὲν
470 1202 590 1284 ἠπείρου
623 1203 824 1284 φοβερωτέρα.
851 1205 1006 1290 Sequitur
1031 1225 1156 1270 morum
1182 1205 1294 1270 barba-

161 1337 271 1381 rorum
297 1318 478 1401 descriptio.
504 1316 584 1380 Tum
611 1315 709 1398 ἐφοίνν
734 1316 883 1394 βασιλεὺς
906 1318 1075 1400 (Constans
1098 1321 1240 1402 scilicet),
1264 1315 1294 1392 ὃς

162 1430 213 1492 τὸν
242 1428 395 1509 ἀκόρεστον
423 1428 541 1502 ἐκείνοις
564 1433 621 1494 τῶν
648 1435 821 1508 πολεμικῶν
845 1429 939 1512 ἔρωτα
964 1431 1034 1513 πρὸς
1057 1431 1168 1514 είρύνης
1191 1433 1293 1496 ε’πιύυ-

165 1542 241 1620 μίαν
276 1541 392 1624 ἔτρεψε,
429 1544 500 1607 κατ’
532 1540 612 1607 οίλλο
644 1541 700 1620 μὲν
724 1543 815 1618 οὐδὲν,
839 1543 932 1624 μείζω
956 1544 987 1608 δὲ
1013 1551 1067 1619 τῆς
1091 1545 1201 1610 ἐκείνων
1226 1543 1294 1626 περὶ

168 1656 227 1730 τας
261 1655 374 1736 μάχας
408 1655 572 1736 προύυμίας
595 1658 650 1732 τὴν
673 1656 782 1721 οίκείαν
807 1655 974 1738 προδείξας.
999 1657 1101 1724 ούκουν
1124 1661 1165 1734 είς
1189 1667 1294 1740 πεῖραν

170 1773 275 1850 χειρῶν
299 1770 394 1834 ἐλθεῖν
418 1769 605 1848 ὑπέμειναν.
621 1819 627 1835 .
644 1769 736 1834 ..καί
758 1767 860 1846 δεξιούς
873 1820 880 1836 .
895 1821 902 1836 .
918 1771 1002 1844 ..είς
1019 1773 1160 1845 σννύνκῶν
1171 1769 1292 1846 αίτνσιν

168 1883 354 1966 προύτειναν.
378 1886 534 1966 τεκμήριον
557 1885 599 1948 δέ·
625 1880 762 1959 ἐδέξαντο
787 1887 859 1967 παρ’
885 1888 966 1964 ἡμῶν
988 1883 1148 1968 ἄρχοντας.

213 1999 294 2064 Cum
337 2002 371 2063 iu
416 2000 583 2066 chronicis
621 2001 827 2065 inveniamus
861 2020 973 2066 revere
1008 2007 1119 2065 contra
1154 2001 1294 2064 Francos

169 2119 347 2197 pugnatum
381 2132 460 2196 esse,
491 2112 625 2176 libanio
656 2115 806 2197 quumvis
830 2113 976 2187 ἐπιπόνως
999 2138 1035 2179 τε
1058 2113 1111 2178 καί
1134 2113 1218 2192 μετὰ
1241 2121 1296 2188 τῆς

172 2226 312 2306 ε’σχοίτκς
347 2226 507 2308 ἀκριβείας
538 2224 606 2308 περὶ
637 2227 671 2292 τὸ
703 2230 836 2308 πρᾶγμα
858 2228 1016 2308 διατρῖψαι
1040 2248 1075 2293 se
1098 2234 1259 2294 asseveret
1271 2221 1296 2311 ¹)

172 2342 307 2407 fortasse
342 2362 407 2406 non
443 2343 637 2407 credendum
670 2364 785 2408 manus
821 2363 989 2408 conserere
1024 2364 1079 2409 eos
1109 2363 1206 2408 cusos
1230 2362 1295 2406 non

170 2475 241 2521 esse
274 2456 490 2539 contendenti,
524 2458 711 2541 praesertim
747 2478 821 2522 cum
857 2460 944 2522 vario
975 2465 1094 2524 eventu
1117 2463 1294 2542 pugnatum

173 2590 244 2634 esse
277 2569 498 2652 Hieronymus
534 2577 650 2654 narret,
687 2572 772 2656 quod
795 2572 828 2634 in
853 2573 1046 2656 panegyrico
1067 2591 1128 2635 sua
1152 2573 1295 2635 oratioue

171 2685 380 2768 philosophus
403 2691 512 2748 noster
536 2686 651 2750 melius
675 2685 833 2749 celaverit.
857 2685 928 2749 Hoc
951 2691 1058 2749 tamen
1079 2705 1120 2749 ex
1141 2704 1178 2749 eo
1199 2687 1289 2748 novi-

171 2817 253 2879 mus,
277 2816 313 2861 eo
336 2803 480 2880 tempore
503 2797 643 2862 Francos
667 2801 762 2862 etiam
787 2818 874 2862 oram
899 2801 1091 2862 maritimam
1111 2797 1295 2862 transRhe-

172 2931 250 2974 num
283 2910 459 2976 habitasse:
485 2931 549 2975 nou
574 2912 678 2976 solum
704 2909 801 2991 ζύλνν
826 2909 981 2986 ίαλιίττνς
1004 2931 1068 2976 uon
1093 2913 1216 2994 timent,
1240 2911 1295 2975 sed

173 3026 300 3090 disertis
336 3025 441 3091 verbis
478 3026 552 3106 ὑπὲρ
585 3026 681 3102 Ῥῆνον
705 3026 844 3104 ποταμὸν
867 3026 918 3090 ἐπ’
942 3026 1034 3091 αὐτὸν
1058 3025 1180 3090 ὠκεανὸν
1204 3023 1296 3097 καύιί-

173 3163 234 3202 κειν
258 3141 418 3203 dicuntur.

214 3253 292 3317 Post
315 3253 498 3318 Constantis
522 3273 633 3317 necem
659 3255 698 3318 ad
722 3255 887 3338 imperiale
908 3255 1035 3320 culmen
1058 3261 1188 3319 evectus
1209 3251 1295 3336 Mag·

169 3370 298 3432 centius
322 3368 522 3448 (scu-353)
547 3367 722 3431 Galliarum
748 3373 915 3450 tyrannus,
937 3367 1081 3432 Francus
1102 3374 1169 3432 erat
1183 3387 1296 3432 secuu-

168 3482 245 3545 dum
278 3481 409 3546 Poucmr
439 3481 539 3546 vau
569 3480 775 3546 Laterculum
790 3486 818 3562 ’ρ
845 3482 959 3566 Itaque
983 3482 1138 3548 Jumnnus
1162 3484 1239 3546 dicit
1256 3479 1295 3559 ἰε

170 3593 343 3668 ἠκολούθουν
384 3595 466 3674 αύτῷ
505 3593 589 3658 κατύι
623 3593 657 3660 τύ
694 3591 837 3673 ξυγγενὲς
873 3591 1039 3675 ξύμμαχοι
1077 3593 1296 3676 προύνμύτατοι

173 3706 306 3789 Φροίγμοι
330 3707 382 3772 καί
405 3704 542 3782 Σοίξονες,
567 3712 624 3773 τῶν
649 3708 722 3789 ὑπὲρ
747 3710 796 3773 τὸν
821 3710 918 3784 Ῥῆνον
942 3708 994 3773 καί
1015 3707 1297 3790 περίτὶννέσπερίαν

172 3820 329 3887 ύοίλατταν
360 3823 441 3886 ε’ύνῶν
468 3821 510 3887 τοὶ
535 3822 763 3901 μαχιμώτατα.
789 3823 840 3887 καὶ
866 3821 953 3896 πύλις
977 3825 1064 3887 ποῖσα
1088 3822 1139 3886 καὶ
1164 3819 1298 3904 Φρούριον

178 3991 321 4000 .—

207 4082 235 4148 1)
252 4083 317 4134 Ihid.
335 4097 361 4146 p.
377 4080 436 4132 317.

204 4173 231 4238 λ)
249 4175 276 4224 C.
300 4173 329 4224 3:
360 4174 556 4240 »Constantius
582 4174 633 4224 sub
663 4189 716 4238 quo
743 4173 914 4239 Magnentius
932 4180 959 4225 et
978 4175 1122 4225 Decentius
1140 4190 1172 4224 ex
1191 4175 1299 4225 natione

171 4267 344 4329 Francorum,
362 4266 528 4330 Nepotianus
546 4265 602 4317 sive
621 4265 757 4320 Silvianus
776 4267 805 4317 in
821 4265 906 4319 Gallie
915 4267 1023 4333 tyranni
1033 4267 1143 4317 fuerunt
1149 4266 1174 4331 ;”
1184 4267 1298 4318 Zonaras

169 4357 253 4423 (xlii,
270 4356 298 4418 6)
318 4358 448 4408 Britanno
466 4362 542 4422 patre
561 4362 657 4409 natum
676 4373 740 4410 eum
758 4373 817 4409 esse
834 4357 909 4410 dicit.

206 4448 234 4515 3)
252 4450 386 4512 Ἐγκοίμιον
415 4449 447 4506 εἷς
473 4452 513 4498 τὸν
538 4449 700 4512 αὐτοκράτορα
723 4451 885 4501 Κωνστοίντιον
902 4450 935 4502 34
956 4451 1080 4504 D=0r.
1099 4451 1118 4516 I,
1136 4466 1161 4515 p.
1181 4450 1300 4518 43(θι1ὶ-

173 4542 255 4594 tionis
274 4543 520 4605 Hsnrunrnmnns).
