3240 5304
863 524 904 586 70

320 714 408 795 ripae
430 712 624 792 insidentem
650 712 705 777 sed
729 719 918 777 contrusus
942 733 1031 777 urmu
1056 733 1189 778 movens
1213 715 1319 779 Salios
1331 716 1446 798 recepi,

321 825 498 890 Chamavos
533 826 656 909 expuli,
689 844 802 890 omnes
836 828 880 890 ita
911 828 1023 908 terrui,
1055 833 1091 890 ut
1114 828 1242 892 obsides
1266 831 1444 912 acceperim

320 943 352 1004 et
386 957 522 1003 seeurus
556 938 756 1004 frumentum
792 940 994 1004 adduxerim.
1017 939 1066 1004 De
1090 940 1184 1006 Saliis
1209 941 1445 1025 Chamavisque

319 1053 419 1137 igitur
453 1072 527 1116 eum
561 1054 733 1116 Ammiano
769 1055 927 1136 congruit,
961 1053 1065 1118 solum
1101 1056 1152 1118 hie
1183 1075 1248 1118 nun
1280 1056 1363 1118 dixit
1388 1056 1445 1118 lias

300 1185 450 1249 ,quoque
485 1167 706 1250 expeditiones
742 1172 869 1249 propter
902 1165 1102 1231 frumentum
1138 1167 1238 1232 lactus
1271 1187 1350 1232 esse.
1382 1168 1445 1233 Sed

321 1281 376 1362 qui
399 1279 521 1344 luerint
547 1279 710 1362 ,omues'’,
735 1299 817 1363 quos
841 1281 965 1361 terruit,
990 1282 1354 1365 nuueuntinuoliquet3
1369 1302 1443 1346 num

321 1394 347 1456 si
373 1394 447 1476 quis
470 1393 547 1456 dieit
573 1392 695 1474 ,Salios
719 1394 836 1476 recepi,
860 1392 1040 1458 Chamavos
1064 1396 1184 1478 expuli,
1197 1415 1309 1459 omnes
1322 1395 1444 1460 terrui''

322 1525 387 1569 vox
424 1505 575 1587 „omnes”
611 1511 785 1590 utrumque
820 1507 1001 1590 significare
1037 1514 1156 1591 potest:
1193 1515 1249 1572 aut
1283 1510 1324 1573 ad
1359 1510 1444 1573 solos

321 1617 425 1684 Salius
451 1618 695 1702 Chamavosque
720 1621 865 1702 pertinet,
890 1622 946 1704 qui
970 1621 1026 1683 illu
1051 1621 1209 1685 vocabulo
1237 1624 1443 1706 eomprehen-

322 1733 452 1814 duntur,
494 1738 551 1796 eut
586 1732 625 1796 ed
661 1733 740 1796 elius
777 1733 933 1816 quosdam
971 1753 1103 1818 quoque
1137 1737 1297 1818 pertinere
1332 1742 1445 1819 potest,

323 1845 416 1928 quasi
440 1845 582 1908 dicutur:
607 1865 672 1908 nen
697 1846 801 1910 solum
823 1845 927 1910 Salius
938 1849 1053 1930 recepi,
1065 1846 1243 1912 Chamavos
1256 1848 1377 1932 expuli,
1389 1850 1443 1912 sed

324 1960 419 2022 etiam
444 1977 556 2022 omnes
580 1959 669 2040 alios,
693 1961 749 2043 qui
773 1960 906 2024 aderant
931 1959 1068 2042 barbari,
1080 1963 1189 2026 terrui.
1205 1962 1322 2026 Utrum
1337 1963 1444 2026 volue-

325 2072 367 2135 rit
401 2071 564 2154 Julianus,
597 2091 638 2136 ex
668 2074 738 2155 ipso
762 2073 831 2137 loeo
855 2073 981 2138 efficere
1004 2095 1069 2138 neu
1094 2095 1269 2159 possumus
1284 2069 1313 2155 1ρ.
1340 2075 1445 2152 Quare

322 2190 493 2270 autequam
520 2187 694 2270 quiequam
718 2193 907 2269 statuamus
928 2188 1070 2252 adeundi
1094 2191 1190 2254 ueteri
1213 2189 1327 2273 fontes,
1350 2199 1446 2273 utque

323 2300 356 2361 in
392 2299 504 2382 primis
540 2297 698 2381 L1unu1us,
727 2302 834 2383 ipsum
865 2303 1087 2365 tantummodo
1112 2301 1281 2366 lulianum
1306 2310 1446 2384 secutus

323 2432 419 2496 quem
456 2417 562 2477 temen
597 2412 662 2476 fuei
698 2398 849 2478 rhetorici
884 2434 1094 2499 permagnum
1133 2436 1228 2480 usum
1264 2417 1379 2482 fecisse
1415 2425 1446 2481 et

323 2525 452 2590 aliunde
476 2527 635 2590 novimus.

366 2640 418 2702 Ἐν
441 2643 569 2717 χειμῶνι
596 2638 688 2719 μέσῳ,
713 2643 759 2704 sic
783 2643 895 2724 incipit
910 2643 944 2724 ²),
969 2646 1058 2706 τοῦτο
1082 2642 1305 2723 μὲνΦρακτοὺς
1317 2643 1445 2721 χιλίους,

325 2748 366 2825 οἷς
389 2753 500 2817 ταύτὸν
525 2749 563 2825 εἴς
588 2753 687 2828 ἡδονὴν
714 2753 788 2832 χιών
810 2778 846 2818 τε
869 2753 920 2817 καὶ
940 2752 1020 2828 ἄνθη,
1041 2755 1147 2832 κώμας
1159 2756 1244 2829 τινας
1257 2753 1445 2837 πορθοῦντας,

325 2862 360 2930 ὧν
384 2867 412 2929 ἕν
436 2866 517 2946 μέσῳ
542 2865 674 2947 Φρούριον
699 2864 812 2946 ἔρημον,
839 2867 1138 2948 περνστονχνοοὶμενος
1161 2869 1212 2932 καὶ
1236 2869 1446 2944 κατακλείσας

324 2979 364 3051 εἷς
398 2984 486 3044 τοῦτο
522 2981 602 3060 λιμῷ
638 2979 742 3057 λαβὼν
778 2979 899 3060 ἔπεμψε
926 2981 1097 3060 δεδεμένους
1127 2983 1169 3062 τῷ
1193 2981 1305 3063 μείζονι
1320 3033 1326 3046 .
1342 3033 1348 3046 .
1364 3033 1393 3047 ..
1418 2981 1446 3046 ἓν

325 3094 380 3172 μὲν
407 3092 501 3158 τοίνυν
524 3097 610 3157 τοῦτο
635 3098 773 3157 τοσοῦτον
796 3091 882 3174 ἔρχον
904 3097 1081 3176 χειμερινόν,
1106 3093 1200 3177 ἕτερον
1222 3096 1254 3160 δὲ
1277 3097 1328 3160 οὐκ
1353 3095 1446 3161 ἔλατ-

324 3231 382 3272 τον.
410 3205 485 3278 ἔθνος
507 3206 565 3286 γαρ
589 3203 654 3270 ὅλον
673 3204 820 3286 ἐξαίφνης
844 3207 988 3272 καταθὲον
1013 3211 1067 3282 τὴν
1092 3209 1193 3290 χώραν
1214 3207 1270 3272 ἕθεν
1289 3211 1343 3287 μὲν
1356 3210 1448 3283 αὐτὸς

324 3323 361 3394 ὡς
397 3318 504 3396 ἐξελῶν
536 3320 618 3398 μετα
653 3324 709 3383 τῶν
742 3319 916 3401 <petrinum
941 3321 1135 3398 τεταγμένων
1158 3323 1190 3386 τὸ
1216 3322 1397 3402 πιεζόμενον,
1422 3324 1447 3387 οἱ

324 3435 356 3498 δὲ
391 3433 552 3512 αἰσθόμενον
588 3437 640 3498 τοῦ
669 3432 773 3514 δρόμον
798 3433 1080 3515 delenimento}
1106 3435 1174 3509 τοὺς
1200 3437 1360 3514 πολεμίους
1382 3434 1445 3511 ἐξέ-

325 3550 421 3627 βαλον
444 3546 664 3626 ἀποβαλόντας
687 3548 738 3611 οὐκ
761 3547 889 3625 ὀλίγους.

368 3661 416 3726 De
458 3662 567 3725 eudem
604 3681 647 3743 re,
683 3682 779 3745 quem
814 3665 947 3745 primum
983 3670 1211 3730 commemoret
1246 3643 1448 3746 Ammianus,

325 3777 376 3839 hic
400 3777 465 3859 agit
489 3774 652 3858 libanius,
675 3776 773 3860 idque
796 3776 908 3840 iisdem
935 3777 1040 3841 verbis
1065 3777 1182 3858 (κώμας
1208 3780 1383 3857 πορθοῦντος
1405 3817 1445 3827 -

325 3908 427 3952 vaeuu
449 3888 518 3951 luca
542 3894 720 3968 vastantes3
742 3887 873 3970 φρούριον
894 3887 996 3968 ἔρημον
1023 3928 1063 3938 -
1078 3894 1278 3956 munimenta
1291 3893 1365 3956 olim
1380 3896 1447 3956 exi-

328 4045 471 4052 ————

358 4122 385 4186 l)
404 4122 431 4172 Si
449 4123 514 4173 illud
534 4123 627 4185 sumis,
644 4138 706 4174 cum
726 4124 819 4174 Rlusro
839 4129 943 4174 vertere
963 4125 1062 4187 puteris
1081 4125 1137 4191 (l.l.,
1156 4141 1180 4190 p.
1191 4125 1265 4189 i82):
1279 4127 1331 4177 »sic
1344 4128 1372 4191 (i.
1383 4143 1406 4177 e.
1416 4143 1448 4178 eu

324 4229 404 4278 quem
429 4215 484 4278 jam
511 4214 640 4278 descripsi
658 4215 746 4276 modu)
766 4230 859 4265 omnes
877 4216 981 4280 terrui;
1000 4231 1083 4280 quare
1100 4217 1206 4267 obsides
1223 4217 1330 4280 aecupi''
1350 4232 1409 4280 eq.
1426 4233 1446 4267 s.

324 4307 390 4356 Mihi
409 4306 518 4369 quidem
538 4307 664 4356 vocabula
682 4305 821 4362 oileum...
839 4305 902 4355 ὥστε
920 4312 992 4358 arete
1012 4308 1155 4372 cunjuncta
1175 4309 1227 4360 viru
1246 4309 1344 4360 habere
1356 4309 1448 4359 viden-

325 4403 370 4448 tur·
388 4398 447 4461 q.d.
466 4398 660 4461 correlativam,
679 4403 705 4448 et
725 4399 851 4448 vertenda
869 4414 939 4450 esse:
958 4401 994 4450 ita
1006 4438 1012 4450 .
1024 4437 1029 4450 .
1040 4438 1065 4451 ..
1082 4405 1121 4450 ul.

357 4488 386 4552 2)
405 4487 547 4552 Ἐπιτάφιος
565 4488 603 4540 ἐπὶ
621 4489 742 4552 Ἰονλνανῷ
760 4491 852 4554 XVlll,
871 4489 903 4541 70
922 4507 960 4555 sq.
979 4493 1023 4557 (ll,
1040 4491 1091 4542 ‘266
1109 4507 1147 4556 sq.
1167 4493 1193 4555 F,
1212 4494 1230 4555 l,
1250 4493 1298 4542 545
1317 4495 1358 4558 R).
