3244 5296
856 557 897 620 88

316 742 504 829 praebuisse
539 745 682 828 Augusti
714 744 839 826 litteris,
864 744 976 827 quiin
1000 743 1049 806 his
1072 742 1260 826 regionibus
1284 741 1436 807 sedebant

316 857 446 922 Franci:
472 856 550 922 Salii
573 859 606 920 in
630 857 773 941 Batavia,
798 856 951 921 Chamavi
974 858 1008 920 in
1031 859 1185 941 antiquae
1206 859 1327 942 patriae
1348 861 1438 941 parte

317 971 516 1035 meridionali
549 973 605 1055 qui
628 976 866 1049 remanserant3
891 970 1069 1034 Chattuarii
1093 990 1169 1035 vero
1192 990 1230 1035 eo
1254 971 1323 1034 loco
1347 971 1440 1035 sedes

319 1089 474 1166 tenentes,
497 1084 552 1149 ubi
576 1104 640 1148 non
665 1083 757 1148 facile
781 1083 929 1148 hostibus
952 1083 1193 1148 incursantibus
1218 1083 1344 1149 obstare
1366 1104 1440 1168 pos-

317 1202 389 1262 sent
419 1199 514 1278 (inter
544 1197 690 1264 Saxones
722 1197 899 1262 Chamavos
923 1195 1036 1276 Salios)
1059 1198 1094 1259 in
1119 1203 1234 1260 terram
1258 1196 1437 1262 Romanam

317 1332 383 1376 non
412 1314 606 1396 transgressi
638 1317 723 1394 sunt,
753 1317 862 1396 postea
894 1330 970 1375 vero
994 1329 1011 1374 e
1033 1309 1153 1374 finibus
1178 1311 1320 1394 antiquis
1344 1314 1441 1375 meri-

318 1426 403 1490 diem
435 1445 534 1490 verus
568 1428 742 1510 emigrasse
778 1445 833 1489 ecs
865 1424 1037 1508 apparebit,
1069 1422 1217 1488 Rhenum
1242 1429 1349 1489 tamen
1373 1445 1439 1488 non

316 1541 485 1606 transiisse
500 1537 540 1621 1);
586 1561 683 1624 quam
727 1539 990 1623 demigrationem
1025 1540 1104 1622 ipsis
1140 1538 1205 1602 illis
1240 1538 1440 1622 temporibus

318 1653 501 1719 Saxonibus
522 1653 720 1718 instantibus
743 1653 860 1717 factam
885 1672 956 1717 esse
979 1654 1133 1736 suspicor.
1157 1651 1315 1716 Saliorum
1328 1671 1401 1736 pars
1414 1654 1435 1730 ²)

318 1767 434 1832 Vahali
468 1770 657 1832 transmisso
688 1769 721 1831 in
755 1767 945 1847 Toxandria,
979 1768 1013 1828 in
1037 1785 1074 1830 ea
1097 1767 1196 1849 igitur
1220 1767 1359 1848 regione,
1382 1764 1440 1830 ubi

318 1881 417 1944 Plinii
451 1885 553 1945 aetate
586 1880 747 1944 Toxandri
781 1881 832 1943 vel
862 1878 1046 1944 Texnandri
1068 1879 1324 1961 inveniebantur,
1348 1881 1441 1944 sedes

317 1973 433 2058 fiherat
446 1992 479 2076 ³),
501 1995 571 2059 sine
584 1993 681 2058 dubio
691 1995 756 2076 jam
770 1999 843 2057 ante
854 1993 876 2056 J
877 1993 979 2057 uliani
991 1992 1175 2074 adventum,
1187 2012 1260 2055 nam
1277 1993 1394 2074 „olim”
1406 1994 1440 2056 id

319 2127 374 2173 eos
396 2107 509 2173 fecisse
532 2109 725 2172 Ammianus
750 2113 912 2172 asseverat
926 2107 957 2184 ²).
981 2107 1123 2170 Advenit
1147 2106 1263 2171 Caesar
1285 2113 1318 2171 et
1337 2107 1442 2171 media

319 2223 424 2287 hiems
458 2225 536 2286 anni
571 2223 634 2284 357
667 2241 764 2306 prope
797 2221 918 2286 Mosam
942 2221 1132 2305 praedantes
1155 2221 1278 2304 aliquot
1300 2221 1440 2286 Francos

319 2337 412 2420 capit,
446 2337 515 2421 ipsa
550 2355 630 2420 gens
665 2354 806 2419 pugnam
842 2337 926 2398 ciere
961 2354 1025 2398 non
1051 2335 1162 2414 audet;
1189 2340 1297 2398 utrum
1320 2334 1441 2399 fuerint

320 2448 473 2513 Chamavi
496 2449 531 2512 hi
552 2449 667 2511 Franci
690 2468 731 2511 an
756 2447 942 2527 Chattuarii,
967 2448 1132 2530 dijudicari
1152 2449 1273 2531 nequit.
1287 2448 1442 2532 Sequenti

319 2582 403 2627 anno
427 2561 586 2627 Saliorum
612 2562 796 2645 exemplum
820 2562 930 2625 allexit
954 2559 1132 2625 Chamavos
1156 2563 1271 2644 etjam
1292 2570 1441 2627 severant

318 2678 352 2740 in
373 2676 440 2740 solo
463 2675 609 2740 Romano
633 2693 707 2738 cnm
731 2674 864 2738 Juliano
886 2674 1010 2739 fortiter
1033 2681 1144 2739 contra
1168 2674 1320 2740 barbaros
1343 2696 1439 2760 agen·

320 2791 397 2854 dnm
433 2790 605 2871 videretur,
640 2794 671 2853 et
705 2789 775 2852 aliis
799 2789 838 2852 de
863 2790 969 2853 causis
993 2794 1024 2852 et
1048 2794 1084 2852 ut
1106 2787 1302 2853 frumentum
1328 2809 1345 2854 e
1367 2791 1433 2854 Bri-

320 2905 429 2968 tannia
459 2905 666 2987 transportari
696 2902 826 2966 solitum
858 2905 927 2966 sine
951 2902 1093 2986 periculo
1116 2902 1254 2968 navibus
1278 2923 1335 2988 per
1357 2904 1440 2970 Rhe-

320 3038 399 3082 num
423 3019 533 3082 veuire
557 3021 664 3101 posset
688 3023 724 3080 ut
747 3021 848 3098 antea,
872 3035 977 3100 neque
997 3015 1146 3080 curribus
1168 3017 1241 3081 vehi
1263 3025 1441 3102 opusesset

319 3131 423 3198 Rheni
458 3133 560 3215 ripam
596 3137 765 3214 utramque
800 3129 943 3194 barbaris
975 3131 1222 3214 possidentibus.
1254 3133 1350 3196 Anno
1375 3135 1439 3197 358

320 3247 420 3329 igitur
442 3247 562 3330 primos
585 3243 688 3309 Salios
714 3246 800 3328 petit,
824 3264 906 3328 quos
930 3252 1101 3329 postquam
1126 3251 1245 3310 terrore
1269 3246 1382 3328 affecit,
1405 3249 1439 3310 in

319 3360 501 3424 Toxandria
533 3378 662 3423 manere
692 3360 733 3422 iis
756 3359 927 3441 permittit;
955 3357 1125 3424 Chamavis
1148 3377 1226 3422 vero
1251 3360 1309 3424 hac
1332 3361 1440 3424 condi-

320 3475 407 3537 tIone
430 3492 539 3557 pacem
564 3472 720 3553 concedit,
744 3473 854 3536 multis
878 3473 979 3556 captis
1003 3477 1035 3536 st
1057 3471 1244 3553 interfectis,
1264 3479 1299 3536 ut
1319 3474 1359 3536 ad
1373 3493 1441 3555 sua,

320 3588 353 3651 id
377 3592 425 3651 est
448 3592 537 3650 trans
559 3584 719 3668 Rhenum,
743 3584 900 3649 recedant.
926 3583 991 3648 Cur
1014 3585 1100 3668 quod
1120 3584 1215 3650 Saliis
1226 3586 1362 3668 licuerit,
1374 3607 1439 3651 non

319 3699 447 3762 licuerit
481 3697 660 3780 Chamavis,
696 3717 761 3761 non
799 3698 916 3781 liquet:
951 3698 1087 3763 fortasse
1119 3701 1195 3782 quia
1226 3701 1291 3781 Jam
1317 3700 1439 3766 diutius

324 3865 466 3875 —---—

354 3970 381 4034 l)
399 3969 568 4020 Chattuarios
594 3985 661 4033 esse,
686 3970 733 4034 qui
745 3971 827 4021 inter
845 3971 967 4020 civitates
984 3976 1059 4020 trans
1076 3971 1202 4021 Rhenum
1221 3972 1270 4022 sub
1289 3971 1407 4024 Gallieno
1425 3989 1439 4024 a

321 4061 441 4112 barbaris
473 4064 616 4125 occupatas
642 4063 817 4112 nominantur
843 4061 963 4112 Casuarii
988 4063 1016 4111 in
1041 4062 1181 4112 Laterculo
1208 4063 1355 4114 Veronensi
1380 4066 1441 4130 (ll.)

322 4155 464 4204 Bucherius
481 4155 618 4205 contendit
636 4154 664 4204 in
680 4154 770 4205 Jahrb,
788 4155 813 4204 d.
831 4155 892 4206 Ver.
909 4155 935 4204 d.
954 4155 1048 4204 Alteri.
1068 4155 1105 4204 im
1123 4155 1230 4218 Rheinl,
1246 4154 1288 4220 39,
1307 4171 1332 4219 p.
1349 4156 1390 4209 20.

354 4245 382 4310 2)
400 4246 437 4296 De
455 4254 525 4306 μοῖρα
542 4245 634 4295 Σαλίων
650 4246 775 4296 Julianus
793 4261 901 4310 quoque
920 4247 1049 4310 loquitur.

354 4336 382 4402 3)
400 4337 571 4396 namurcen,
588 4338 625 4387 l.l.
639 4337 695 4401 jam
713 4343 828 4387 exeunte
846 4337 952 4387 saeculo
971 4338 1050 4387 tertio
1069 4338 1170 4388 lactum
1186 4339 1212 4388 id
1229 4353 1286 4389 esse
1296 4341 1443 4403 contendit,

322 4434 353 4480 ut
372 4429 495 4492 vidimus,
511 4430 605 4479 collato
624 4429 720 4493 Paneg.
738 4429 767 4492 V,
785 4429 809 4491 8,
827 4428 872 4479 ubi
890 4444 952 4478 cum
971 4429 1060 4478 codice
1078 4429 1205 4479 Vaticano
1218 4430 1438 4496 »Scaldis'’legit;

322 4520 392 4584 quod
411 4519 433 4570 si
453 4520 517 4570 haec
536 4519 615 4570 lectio
637 4535 708 4584 vera,
724 4521 833 4570 omnino
853 4520 909 4570 viro
927 4521 1073 4572 clarissimo
1091 4523 1291 4572 assentiendum
1310 4528 1358 4575 est.

1523 383 1528 394 Δ
