3240 5304
702 537 746 600 83

168 714 272 792 λαβεῖν
295 716 420 798 dasianus
443 717 495 782 καὶ
516 727 553 800 τῇ
575 719 770 802 σιτοπομπία
794 727 968 800 παρασχεῖν
987 721 1120 802 ἀσφαλῆ
1141 721 1284 800 murdim

165 829 280 910 quibus
303 832 389 896 idem
414 832 501 914 dicit,
524 833 610 918 quod
634 833 794 899 aZosimo
807 834 1018 900 describitur:
1033 837 1077 898 ita
1089 853 1144 900 eos
1156 837 1286 918 terruit,

165 948 197 1005 ut
230 947 341 1008 statim
375 945 503 1011 obsides
533 946 652 1012 darent.
684 947 805 1032 Sponte
828 950 928 1032 igitur
951 947 1076 1012 Juliaui
1100 949 1162 1014 loci
1185 968 1285 1034 supra

163 1059 285 1121 tractati
309 1061 529 1143 interpretatio
553 1080 587 1125 se
607 1061 739 1140 obtulit3
765 1069 890 1146 praeter
912 1061 1016 1127 Salios
1039 1069 1183 1147 receptos
1203 1061 1285 1127 Olla-

162 1188 337 1254 mavosque
360 1175 514 1257 expulsos
537 1175 625 1238 aliud
649 1175 729 1259 quid
754 1175 1285 1262 quoquelaotumesseinpraeoe·

162 1281 312 1350 dentibus
336 1287 637 1370 demonstravimus,
660 1289 896 1372 expeditionem
921 1309 1036 1374 nempe
1054 1291 1087 1353 in
1108 1289 1287 1372 Batauam,

161 1397 251 1476 cujus
275 1399 486 1482 descriptioni
509 1420 527 1464 a
551 1399 678 1464 Zosimo
702 1401 795 1466 datae
818 1404 938 1486 optime
961 1409 1146 1486 congruunt
1171 1403 1286 1468 ultima

162 1506 304 1576 Caesaris
329 1513 441 1595 verba3
466 1515 505 1578 ad
530 1514 612 1578 hano
635 1515 757 1579 scilieet
780 1516 1016 1599 expeditionem
1040 1519 1181 1600 pertinet
1204 1515 1285 1582 illud

161 1617 250 1696 οὕτως
276 1623 423 1706 ἐφόβησα
446 1633 477 1691 et
500 1646 584 1710 quae
607 1635 799 1711 sequuntur.

145 1733 148 1746 '
202 1737 265 1802 Sed
296 1746 397 1804 restat
416 1743 570 1824 quaestio,
594 1761 677 1825 quae
699 1741 796 1806 luerit
817 1761 897 1825 gens
920 1742 976 1806 illa
999 1741 1164 1808 Bataviam
1190 1763 1284 1810 oocu-

161 1870 247 1932 pans.
282 1853 461 1919 chamavos
485 1857 616 1919 omniuo
639 1875 704 1918 non
728 1857 762 1918 in
783 1855 903 1920 Zosimi
923 1856 1029 1920 loeum
1042 1857 1201 1940 quadrare
1212 1877 1285 1922 nar·

162 1969 261 2030 rantis
286 1968 328 2032 de
351 1967 516 2032 Saxonum
541 1975 630 2053 parte
653 1989 672 2032 a
695 1968 828 2033 Francia
848 1971 984 2034 nansitu
999 1969 1286 2055 prohibitaSalioe·

163 2099 224 2162 que
251 2082 435 2166 expellente
458 2102 556 2166 supra
575 2085 641 2166 jam
667 2083 817 2147 vidimus.
841 2086 910 2149 Aut
932 2085 1031 2168 igitur
1054 2084 1093 2150 de
1116 2083 1287 2150 chamavis

162 2211 224 2256 non
263 2197 482 2278 cogitandum,
515 2202 571 2262 aut
601 2197 725 2262 nullius
749 2199 901 2261 momenti
927 2198 1073 2262 ducenda
1096 2197 1214 2264 Zosimi
1238 2199 1286 2263 in·

163 2308 253 2392 dicia,
279 2330 363 2392 quae
386 2330 450 2373 non
475 2310 678 2394 negligemus
702 2311 765 2375 nisi
788 2330 915 2374 summa
939 2313 1130 2376 necessitate
1147 2311 1287 2376 adducti.

162 2421 357 2508 Priusquam
393 2426 477 2488 enim
515 2423 679 2488 Zosimum
717 2425 850 2488 missum
883 2424 1049 2507 iaciamus,
1081 2426 1188 2508 potius
1212 2444 1286 2490 exa·

163 2537 352 2600 minandum
378 2543 434 2618 est,
458 2537 498 2601 de
521 2556 586 2620 quo
609 2537 727 2621 populo
751 2538 783 2600 in
807 2539 992 2601 narratione
1014 2539 1084 2620 ejus
1103 2539 1155 2622 agi
1166 2539 1284 2622 possit3

165 2648 294 2725 Quados
317 2653 385 2736 ipse
408 2652 562 2732 nominat,
586 2670 706 2734 eosque
731 2656 852 2735 partem
876 2651 954 2714 dicit
976 2650 1160 2732 Saxonum3
1182 2649 1288 2728 Quadi

164 2782 249 2845 vero,
273 2783 355 2847 quos
378 2764 509 2828 aliunde
521 2766 667 2848 cognitos
680 2763 845 2844 habemus,
858 2763 1003 2828 Saxones
1015 2783 1079 2828 non
1093 2769 1170 2830 aunt
1181 2783 1288 2849 neque

164 2878 228 2942 ullo
255 2879 349 2942 modo
373 2877 536 2942 Saxonum
562 2880 692 2944 nomine
715 2880 876 2943 nominari
899 2885 1081 2963 potuerunt
1101 2879 1170 2944 Aut
1188 2881 1288 2964 igitur

164 2990 201 3055 de
236 2992 350 3056 iisdem
387 2993 453 3076 egit
488 2991 610 3068 Quadis
642 3011 725 3076 quos
756 2993 903 3075 cognitos
926 2993 994 3075 jam
1018 2991 1188 3076 habemus,
1212 2993 1293 3059 false

163 3111 269 3169 tamen
295 3111 416 3190 partem
440 3105 608 3170 Saxonum
632 3125 687 3170 eos
709 3125 781 3170 esse
803 3111 903 3190 putat,
926 3111 983 3171 aut
1006 3126 1079 3170 curn
1099 3113 1190 3191 parte
1209 3128 1287 3192 qua·

165 3218 236 3282 dam
269 3217 434 3282 Saxonum
467 3238 517 3283 res
542 3221 571 3283 ei
594 3225 651 3300 est,
676 3238 772 3303 quam
795 3219 876 3283 false
900 3217 1030 3295 Quados
1054 3223 1208 3304 nominat,
1231 3227 1288 3286 aut

164 3332 201 3398 de
240 3332 361 3408 Quadis
396 3333 531 3396 dirersis
566 3331 605 3395 ab
640 3333 690 3414 iis,
714 3351 796 3415 quos
821 3334 982 3412 novimus,
1005 3334 1079 3416 agit,
1103 3333 1142 3398 de
1167 3331 1287 3409 Quadis

163 3447 271 3529 igitur,
295 3447 334 3510 de
358 3445 477 3529 quibus
501 3464 662 3528 nusquam
689 3447 808 3508 mentio
832 3451 947 3526 exalet,
971 3448 1094 3529 quique
1116 3465 1228 3512 revere
1248 3447 1288 3512 ad
1399 3497 1405 3510 .

164 3558 310 3624 Saxones
344 3560 513 3642 pertinent.
549 3557 609 3622 Vel
643 3560 752 3642 potius
787 3560 833 3622 sio
864 3579 1023 3642 ponamus
1049 3563 1287 3643 quaestionem:

164 3681 254 3738 estne
290 3670 476 3748 Quadorum
511 3678 662 3736 notorum
698 3671 816 3735 Zosimi
850 3690 939 3756 gens,
973 3692 1014 3736 an
1046 3679 1095 3736 est
1119 3671 1287 3739 Saxonum

165 3805 297 3870 quoquo
320 3787 451 3850 nomine
474 3784 762 3868 appellandorum?

208 3897 314 3975 Quadi
349 3899 468 3984 quibus
499 3899 577 3962 loeis
600 3900 659 3962 hao
681 3905 783 3964 aetate
807 3897 1029 3980 habitaverint,
1054 3902 1174 3984 optime
1196 3903 1286 3966 novi·

165 4035 246 4080 mus.
280 4013 399 4098 Regem
431 4019 558 4098 captum
591 4015 846 4078 Alamannorum
876 4014 916 4077 ad
940 4011 1164 4080 Constantium
1190 4017 1287 4080 mittit

163 4128 317 4193 Julianus
347 4133 444 4207 (auno
476 4126 553 4205 357)
583 4125 653 4190 τότε
683 4125 746 4190 ἀπὸ
769 4130 826 4190 τῶν
849 4123 983 4190 Κινάδων
1007 4123 1060 4190 καὶ
1084 4132 1287 4207 Σαυροματῶν

165 4239 327 4305 ἐπανιόντα
342 4242 371 4321 ¹).
412 4239 590 4323 Imperator
629 4239 715 4304 enim
762 4244 856 4304 antea
886 4241 953 4322 jam
988 4239 1128 4305 assiduis
1162 4243 1286 4307 nunliis

166 4396 310 4406 -ι-ι

197 4490 224 4556 1)
242 4490 325 4554 Epist.
342 4489 375 4540 ad
394 4487 419 4538 S.
437 4488 465 4538 P.
483 4487 512 4548 Q.
530 4489 628 4540 Athen.
646 4486 696 4540 279
711 4489 742 4540 D.
760 4487 811 4554 (rs.
829 4487 848 4552 1,
865 4485 916 4539 360
933 4488 985 4552 la).
