3244 5296
754 519 818 580 133

251 703 336 766 'Hoc
371 708 476 767 tamen
512 722 624 767 verum
657 722 728 768 esse
759 723 822 767 non
848 709 961 787 potest,
984 724 1057 768 nam
1078 707 1145 788 J'am
1169 725 1255 770 anno
1278 705 1342 768 461

222 817 306 881 inter
341 819 503 900 episcopos
540 816 659 881 Galliae
694 819 726 880 in
763 817 899 881 concilio
928 812 1107 883 Turonensi
1136 818 1344 884 Mansuetum

222 932 403 1015 episcopum
428 930 656 994 Britannorum
669 931 854 996 interfuisse
866 935 897 995 et
910 930 1140 1016 subscripsisse
1153 933 1291 1016 legimus
1304 933 1343 1014 ¹);

222 1050 297 1107 ante
315 1064 436 1107 annum
457 1044 520 1106 461
534 1045 633 1128 igitur
644 1047 874 1108 transmarinas
887 1046 1042 1128 petierant
1055 1047 1201 1129 regiones
1214 1047 1345 1111 exsules

220 1156 379 1238 Britanni,
413 1158 613 1220 Armoricam
646 1165 676 1221 et
707 1163 807 1221 terras
831 1158 962 1238 vicinae,
986 1156 1042 1221 ubi
1067 1165 1098 1221 et
1121 1163 1233 1242 postea
1255 1159 1345 1223 inve-

185 1351 201 1370 !
221 1266 401 1349 niuntur²).
427 1269 621 1334 Monusnuus
646 1288 722 1334 vero
743 1271 789 1333 sio
810 1263 1036 1334 ratiocinatur:
1053 1289 1179 1352 „annus
1193 1273 1343 1354 quiordi·

222 1390 276 1447 tur
299 1403 364 1446 uno
384 1402 493 1448 mense
505 1382 658 1448 emenso''
670 1384 754 1447 alius
766 1402 836 1448 esse
849 1403 912 1447 non
926 1388 1030 1467 potest
1042 1385 1105 1447 nisi
1116 1403 1286 1467 praesens;
1299 1387 1346 1449 ait

221 1517 297 1582 ergo
321 1497 431 1561 Gildas
455 1517 490 1561 se
513 1497 652 1562 scribere
674 1517 759 1561 anno
784 1497 822 1561 ab
843 1497 1030 1563 obsessione
1051 1501 1169 1562 montis
1189 1498 1346 1563 Badonici

222 1611 464 1694 quadragesimo
500 1618 612 1694 quarto
647 1618 678 1674 et
708 1612 867 1675 convenit
886 1612 971 1694 quod
994 1613 1028 1674 in
1050 1611 1198 1676 lemmate
1221 1613 1344 1696 posuit:

225 1725 285 1806 ,de
318 1729 477 1808 postrema
512 1726 633 1808 patriae
665 1726 798 1788 victoria
822 1744 905 1808 quae
929 1723 1128 1808 temporibus
1152 1727 1271 1789 nostris
1295 1725 1345 1788 dei

223 1843 304 1901 nutu
329 1838 446 1901 donata
465 1837 543 1902 est.'’
568 1836 727 1914 Quoniam
752 1845 857 1902 autem
883 1844 957 1901 ante
981 1857 1102 1901 annum
1129 1839 1191 1900 547
1217 1840 1345 1922 scripsit

223 1949 381 2033 Gildas⁸),
415 1956 488 2015 ante
524 1951 588 2014 504
623 1951 708 2034 apud
743 1950 944 2015 Badonicum
980 1957 1157 2034 pugnatum
1192 1957 1345 2030 est;,non

223 2070 407 2147 congruunt
429 2066 527 2148 igitur
551 2063 661 2128 Gildas
685 2069 716 2128 et
739 2066 883 2128 Annales
908 2063 1082 2147 cambriae,
1102 2067 1129 2128 si
1142 2063 1347 2130 Monusnaun

223 2180 397 2261 sequimur.
434 2180 478 2242 At
511 2179 643 2242 annales
678 2177 843 2242 Gambriae
879 2155 1036 2260 quod‘ad
1060 2179 1179 2243 bellum
1204 2178 1347 2243 Badonis

225 2299 394 2356 annotant:
422 2295 474 2374 „in
500 2312 564 2375 quo
587 2293 712 2355 Arthur
735 2293 873 2374 portavit
897 2290 1048 2355 crucem''
1061 2311 1086 2355 e.
1101 2312 1130 2375 q.
1144 2311 1178 2373 s,
1191 2298 1227 2355 ut
1238 2293 1345 2376 ipsum

223 2412 410 2490 excerptum
445 2412 493 2471 est
523 2426 565 2471 ex
594 2408 746 2471 historiae
776 2406 962 2470 Brittonum
986 2406 1150 2470 fabulosae
1174 2426 1199 2470 c.
1226 2407 1277 2487 56,
1303 2408 1347 2470 ita

223 2521 360 2604 epochae
395 2539 525 2605 quoque
557 2521 632 2602 jure
662 2519 872 2584 diffidendum
905 2538 975 2584 esse
999 2519 1195 2584 Monusuuus
1221 2524 1345 2598 monet3

223 2633 343 2698 Bedam
367 2634 474 2697 locum
498 2632 611 2696 Gildae
633 2634 677 2696 ita
701 2634 817 2716 legisse
841 2637 931 2716 putat
951 2633 1045 2715 idem,
1065 2639 1102 2696 ut
1122 2652 1195 2697 eum
1208 2633 1347 2716 legimus

223 2767 282 2811 noe
318 2753 347 2810 et
371 2767 444 2810 cum
470 2747 613 2830 intellegi
638 2766 703 2810 non
727 2751 843 2829 posset,
867 2765 936 2810 eam
960 2747 1059 2810 libere
1082 2747 1122 2810 ad
1146 2765 1251 2810 aeram
1277 2766 1346 2810 eam

223 2865 356 2943 aptasse,
381 2880 478 2943 quarn
503 2859 579 2923 alibi
604 2879 735 2943 quoque
755 2866 951 2943 sequeretur.
973 2858 1194 2924 Demonstrari
1207 2859 1347 2943 quidem,

223 2976 267 3037 ita
302 2979 337 3036 ut
371 2974 496 3037 nullum
534 2976 674 3057 supersit
708 2972 855 3055 dubium,
878 2973 1036 3055 ejusmodi
1061 2992 1112 3037 res
1135 2991 1200 3036 non
1225 2978 1346 3056 potest3

224 3093 361 3152 attamen
386 3089 446 3150 hoo
470 3089 547 3151 mihi
573 3087 780 3152 statuendum
805 3088 949 3152 videtur:
977 3087 1160 3151 Annalibus
1173 3085 1347 3151 (lumbricis

224 3201 322 3264 altero
355 3202 426 3263 loco
460 3200 553 3264 fidem
588 3204 719 3264 omnino
756 3201 893 3284 denegat
929 3200 1134 3281 Monnsnaus,
1157 3200 1255 3263 altero
1279 3197 1348 3280 (ubi

224 3315 263 3378 de
287 3320 386 3377 morte
410 3313 593 3396 Maglocuni
616 3317 726 3397 agunt)
750 3316 791 3377 iis
816 3315 933 3393 utitur3
959 3320 1098 3377 attamen
1123 3315 1150 3376 si
1164 3313 1347 3376 hocverum

224 3433 281 3510 esi,
303 3447 362 3490 cur
385 3447 448 3490 non
473 3428 552 3490 illud
580 3427 812 3491 eodemmodo?
839 3430 946 3509 Atque
969 3447 1028 3490 cur
1051 3446 1156 3490 annus
1181 3426 1254 3506 516,
1274 3426 1348 3489 licet

224 3561 297 3605 cum
328 3543 451 3605 insulsa
475 3544 658 3604 narratione
677 3542 822 3623 junctus,
847 3560 974 3624 pugnae
999 3539 1181 3604 Badonioae
1205 3540 1344 3622 adscrip-

224 3660 277 3718 tus
301 3660 393 3735 esset,
417 3656 480 3718 nisi
504 3673 710 3737 quacumque
735 3654 773 3717 de
797 3673 894 3717 causa
917 3672 954 3717 eo
980 3671 1064 3716 anno
1088 3652 1134 3715 ibi
1157 3652 1346 3716 dimicatum

225 3787 294 3833 esse
325 3768 512 3832 credidisset
536 3768 672 3831 auctor?
695 3767 775 3830 Tum
801 3767 913 3830 Gildae
938 3768 1047 3830 mortis
1072 3786 1203 3850 quoque
1226 3786 1348 3829 annum

231 3974 374 3981 ψ

256 4114 284 4178 1)
302 4114 398 4164 Labbei
417 4113 515 4164 Concil.
534 4114 574 4164 ed.
593 4113 695 4178 Venet,
715 4113 745 4176 V,
765 4112 805 4163 77.

257 4205 285 4270 2)
303 4207 372 4271 Loci,
389 4206 488 4269 quibus
507 4207 606 4255 mentio
624 4207 656 4256 de
673 4207 707 4256 iis
724 4206 762 4270 ht,
781 4205 928 4256 laudantur
946 4222 961 4256 a
980 4208 1070 4267 Zanes,
1089 4208 1125 4271 l.l,
1146 4222 1169 4270 p.
1189 4204 1238 4255 576
1257 4220 1296 4269 sq.

257 4296 284 4361 3)
297 4298 332 4357 ¹ln
350 4298 539 4361 Maglocunum
557 4313 647 4362 regem
664 4303 803 4361 tamquam
822 4298 914 4349 vivum
933 4299 1037 4349 invehit
1057 4301 1090 4361 (c.
1107 4297 1161 4363 33),
1178 4313 1259 4360 quem
1276 4313 1347 4348 aurio

224 4387 273 4437 547
300 4394 438 4439 mortuum
464 4404 522 4439 esse
546 4390 654 4441 aliunde
679 4391 779 4440 scimus
805 4390 888 4455 (dnn.
913 4390 1003 4441 Camb.
1027 4391 1060 4440 ad
1079 4405 1140 4440 ann.
1158 4389 1222 4453 Clll,
1243 4390 1302 4439 vita
1321 4389 1347 4439 S.

226 4481 329 4530 Teleavi
347 4481 535 4544 LandavensiS,
553 4497 578 4545 p.
595 4481 652 4545 101,
671 4482 711 4533 ed.
729 4481 822 4544 Reus).
