3240 5304
842 581 884 644 34

340 762 432 842 Quod
466 767 493 832 si
529 765 736 850 probabiliter
759 766 1007 850 disputavimus,
1031 768 1141 832 eodem
1167 768 1262 832 modo
1286 767 1424 832 fortasse

294 881 459 946 tractanda
481 885 568 962 sunt,
592 899 675 964 quae
699 879 789 944 affert
809 879 1014 945 Ptolemaeus
1034 881 1073 945 de
1090 880 1270 962 chamavis,
1282 901 1420 965 quorum

295 996 395 1077 sedes,
426 1000 462 1060 ut
497 994 649 1076 vidimus,
683 995 728 1057 ita
759 993 927 1060 describit:
964 993 1162 1076 „Calucones
1185 995 1226 1058 ad
1251 1001 1425 1078 utramque

294 1111 397 1194 ripam
418 1107 512 1172 Albis
530 1106 684 1188 fluminis,
695 1107 779 1170 infra
791 1127 874 1190 quos
887 1106 1061 1172 Chaerusoi
1074 1113 1106 1171 et
1118 1106 1250 1171 Camavi
1263 1125 1368 1191 usque
1381 1107 1421 1170 ad

294 1221 486 1287 Melibocum
511 1226 710 1285 montemt..
733 1221 816 1284 infra
841 1219 997 1285 Camavos
1022 1219 1158 1284 Chatti.’'
1179 1219 1301 1284 Locum
1322 1223 1423 1304 igitur

294 1338 334 1403 iis
368 1337 511 1420 assignat
544 1355 563 1398 a
597 1333 871 1419 septentrionibus
902 1333 1061 1416 Meliboei,
1093 1334 1149 1399 ubi
1183 1339 1295 1418 postea
1333 1353 1422 1396 non

293 1451 513 1515 inveniuntur.
536 1449 655 1513 Contra
679 1447 875 1530 ,Chaemas''
899 1450 990 1532 ponit
1000 1449 1085 1514 inter
1096 1448 1270 1513 Bructeros
1284 1448 1421 1531 majores

295 1566 337 1647 (h.
361 1584 386 1629 e.
407 1564 587 1644 orientales)
612 1568 643 1628 et
662 1562 795 1645 Suevos,
815 1564 843 1625 h.
857 1582 883 1627 e.
903 1563 979 1626 inde
999 1562 1109 1644 aloco,
1122 1581 1218 1646 quem
1232 1560 1421 1646 Sygambris

295 1681 364 1744 suis
387 1679 573 1763 assignavit,
592 1663 747 1742 orientem
770 1695 890 1742 versus.
915 1675 1095 1741 Chamavos
1119 1675 1421 1760 Chaemasqueeos·

296 1793 367 1857 dem
388 1792 489 1857 fuisse
513 1792 614 1874 major
638 1811 712 1874 pars
736 1792 877 1854 virorum
903 1791 1070 1854 doctorum
1096 1810 1185 1855 nunc
1208 1797 1310 1875 putat,
1324 1791 1423 1874 quisi

297 1927 408 1972 verum
433 1881 592 1986 viderunt,
616 1909 723 1969 tamen
749 1905 812 1968 duo
837 1903 957 1968 diversi
980 1904 1042 1967 loci
1065 1906 1155 1988 genti
1179 1905 1254 1968 huic
1278 1904 1345 1968 dati
1358 1923 1423 1966 non

297 2025 489 2104 congruunt.
510 2017 663 2102 Magnum
688 2023 844 2082 terrarum
858 2019 998 2102 spatium
1011 2019 1188 2100 interjacet,
1200 2019 1287 2101 quod
1301 2017 1422 2082 habita·

297 2134 374 2198 bant
398 2138 429 2198 et
452 2135 505 2197 alii
528 2131 721 2217 (Dulgubnii
745 2152 770 2196 e.
790 2137 831 2217 g.)
852 2139 883 2198 et
896 2131 1092 2216 Suevi,nam
1106 2131 1316 2197 Chaemarum
1330 2133 1422 2198 seder

297 2249 381 2312 inter
404 2246 552 2312 Canobus
574 2245 812 2330 Bructerosque
835 2253 867 2309 et
889 2244 1023 2327 Suevos,
1044 2244 1279 2310 Chamavorum
1302 2251 1333 2309 et
1345 2245 1421 2309 alio-

296 2380 369 2425 rum
391 2381 428 2427 eo
448 2361 518 2425 loco
530 2361 769 2424 nominatorum
782 2359 973 2443 populorum
987 2358 1071 2424 infra
1083 2357 1205 2424 Suevos
1217 2361 1341 2442 positae
1354 2377 1423 2424 esse

298 2476 458 2540 dicuntur.
493 2473 591 2538 Nullo
626 2475 721 2537 modo
755 2474 855 2556 igitur
885 2472 1037 2538 Bauunno
1062 2475 1212 2538 assentiri
1236 2493 1368 2558 possum
1394 2479 1425 2538 et

299 2588 453 2654 Chaemas
488 2595 520 2654 et
553 2587 730 2670 Chamavos
765 2589 800 2651 in
824 2589 977 2652 hodierna
1000 2587 1199 2672 Westphalia
1223 2588 1424 2670 occidentali,

299 2703 409 2768 eodem
434 2704 533 2786 igitur
555 2703 635 2784 loco,
658 2703 744 2786 apud
767 2702 987 2767 Ptolemaeum
1007 2701 1152 2766 habitare
1170 2703 1370 2766 asseveranti
1382 2703 1422 2782 ¹),

299 2837 396 2902 quem
419 2818 527 2881 locum
551 2836 625 2881 cunr
650 2823 721 2901 post
746 2837 868 2880 annum
895 2818 937 2880 98
960 2836 1072 2880 revera
1091 2818 1255 2881 tenuerint
1267 2814 1421 2880 Chamavi

298 2932 398 3016 idque
420 2931 507 3016 apud
528 2932 668 2995 Taorvurr
690 2931 875 3014 reperiatur,
894 2930 1001 2996 Tacito
1022 2930 1110 2996 fonte
1124 2951 1220 2995 usum
1234 2949 1305 2995 esse
1317 2929 1422 2994 Ptole·

300 3065 426 3110 maeum
450 3046 614 3110 contendit
635 3065 663 3109 v.
685 3045 713 3108 d.
726 3044 834 3128 Ipsam
847 3045 935 3108 illam
949 3065 1046 3128 quam
1058 3044 1263 3110 Ptolemaeus
1275 3046 1423 3108 nominat

297 3162 459 3245 regionem
484 3161 547 3238 (vel
570 3160 677 3244 potius
701 3179 799 3242 quam
820 3157 1040 3224 Ptolemaeum
1061 3160 1229 3224 nominare
1241 3163 1332 3243 putat
1344 3158 1421 3222 Bre-

300 3278 421 3352 merus)
454 3275 489 3336 in
523 3249 650 3337 dicione
683 3273 785 3337 fuisse
820 3273 1051 3338 Bructerorum
1083 3278 1115 3337 et
1138 3278 1211 3357 post
1234 3292 1356 3337 annum
1382 3275 1423 3335 98

301 3388 545 3471 Chamavorum,
569 3394 606 3452 ut
629 3389 700 3452 vult
724 3408 751 3450 v.
778 3387 816 3470 d.,
839 3388 939 3452 nullis
963 3387 1071 3452 verbis
1093 3385 1223 3452 Tacitus
1246 3387 1340 3450 dicit:
1354 3384 1425 3450 fieri

299 3505 453 3588 potuisse,
476 3509 513 3568 ut
535 3505 570 3566 in
594 3504 676 3567 hanc
698 3521 828 3585 quoque
840 3503 1003 3586 regionem
1017 3502 1087 3585 ipso
1098 3500 1281 3566 Ptolemaeo
1294 3505 1424 3565 auctore

302 3619 395 3682 sitam
419 3619 464 3680 in
478 3616 547 3680 tra
570 3635 640 3681 eam
664 3616 895 3680 Bructerorum
916 3620 1164 3699 terraepartem,
1177 3635 1273 3700 quam
1286 3633 1423 3698 occupa-

302 3735 430 3814 verunt,
451 3729 533 3794 fines
556 3750 633 3795 suos
646 3729 859 3811 extenderint,
872 3749 938 3792 non
951 3748 1042 3813 nego,
1055 3730 1110 3793 sed
1124 3747 1164 3793 ex
1177 3748 1212 3794 re
1224 3733 1289 3793 tam
1301 3729 1424 3793 incerta

302 3846 342 3909 de
372 3845 555 3909 Ptolemaeo
581 3843 681 3908 Taciti
705 3843 876 3908 Germania
900 3863 959 3908 uro
984 3845 1156 3928 quicquam
1182 3847 1323 3908 statuere
1347 3845 1426 3907 mihi

303 3959 434 4042 quidem
454 3958 609 4022 audacius
621 3958 758 4022 videtur.
773 3958 876 4022 Aliter
888 3958 965 4022 haec
977 3957 1138 4042 explicare
1150 3976 1185 4022 se
1195 3975 1290 4041 posse
1302 3957 1428 4042 putavit

307 4150 450 4160 ....-.-.--

303 4299 330 4348 p.
347 4282 377 4333 ll
396 4297 469 4346 sqq.;
487 4281 560 4330 toute
577 4279 730 4344 antiquiore
748 4294 829 4330 usum
848 4294 912 4330 eum
930 4293 987 4330 esse
1005 4279 1428 4345 demonstratetiamindescrip-

302 4376 376 4426 tione
402 4374 594 4424 Bructerorum
620 4373 658 4436 (p.
684 4371 721 4434 9),
741 4371 949 4438 Sugambrorum
968 4371 1005 4436 (p.
1022 4370 1076 4432 ll),
1102 4367 1427 4424 ChersonesiCimbricae

304 4468 343 4532 (n-
360 4463 414 4531 2⁹>-

337 4556 366 4625 l)
383 4557 419 4608 l.l.
437 4570 463 4622 p.
480 4553 539 4608 890.
