3244 5296
841 569 903 632 158

308 774 372 820 nou
409 756 513 820 solum
547 756 653 820 nudae
676 759 841 839 ponuntur
854 763 888 836 1),
911 773 1024 818 verum
1049 754 1143 817 etiam
1168 772 1242 817 oum
1268 754 1345 838 ipsis
1368 754 1433 818 illis

309 870 402 936 lineis
444 867 763 953 perpendicularibus
806 869 1060 952 conjunguntur,
1095 887 1176 951 quas
1213 887 1230 933 e
1265 867 1434 931 Britannia

310 989 401 1048 notas
431 982 585 1047 habemus
600 988 632 1065 π),
663 985 731 1047 sive
754 984 845 1047 nulla
867 983 1105 1047 intermissione
1120 987 1151 1063 ³),
1174 983 1244 1046 sive
1263 987 1334 1065 post
1355 1001 1433 1064 qua·

309 1102 417 1161 ternas
440 1098 598 1180 quinasve
621 1096 722 1161 lineas
747 1097 849 1179 spatio
873 1097 984 1160 relicto
999 1098 1029 1174 ⁴).
1050 1095 1185 1159 PunctIs
1208 1098 1241 1158 in
1266 1115 1433 1160 oruamen-

310 1210 406 1274 tando
432 1229 511 1275 usus
535 1216 582 1275 est
605 1215 636 1275 et
660 1210 838 1275 Britannus
853 1215 874 1289 ὅ)
895 1217 926 1274 et
945 1209 1178 1276 Neerlaudious
1193 1208 1233 1290 6);
1247 1213 1433 1294 praesertim

310 1342 383 1387 oum
407 1322 630 1388 Berlrshireusi
645 1320 668 1402 7)
692 1323 874 1388 conferatur
898 1325 1065 1388 vasculum
1086 1324 1120 1387 in
1134 1323 1246 1388 Museo
1259 1322 1433 1408 Lugdune-

311 1435 432 1502 Batavo
456 1442 682 1503 conservatum
696 1433 737 1517 8);
762 1439 795 1500 iu
820 1438 932 1501 eodem
958 1456 1069 1502 museo
1096 1438 1434 1519 vasculumvidemuS,

311 1551 367 1614 ubi
392 1571 464 1614 eum
486 1552 614 1615 circulis
635 1552 877 1635 conjunguntur
890 1552 995 1616 lineae
1006 1552 1288 1635 perpendIeuIares
1303 1550 1335 1634 9),
1347 1553 1434 1636 quod

311 1667 399 1748 regio
422 1663 634 1729 Oxfordshire
659 1684 789 1747 quoque
812 1664 941 1749 praebet
955 1661 1008 1747 10);
1032 1667 1066 1728 iu
1080 1665 1189 1729 eedem
1204 1668 1334 1749 regIoue
1348 1666 1434 1749 quod

312 1779 453 1843 vidimus
488 1782 713 1843 oruamentum
738 1780 899 1862 signatum
925 1779 1070 1843 decussis
1092 1779 1195 1842 forma
1208 1777 1254 1861 11),
1276 1781 1310 1842 in
1335 1781 1435 1863 patria

312 1899 422 1957 nostra
446 1893 618 1957 identidem
644 1893 809 1956 invenltur
821 1893 874 1971 11))
900 1898 968 1957 tum
997 1892 1149 1977 „uigzag”
1161 1891 1386 1957 Britannicum
1404 1899 1435 1973 13)

313 2024 442 2089 quoque
458 2006 543 2070 baud
558 2005 677 2070 frustra
690 2025 826 2088 quaeras
843 2013 883 2087 14).
898 2004 1023 2082 Quibus
1036 2005 1186 2071 omnibus
1199 2008 1363 2090 perpensis
1376 2007 1436 2070 hoo

312 2120 426 2184 saltem
450 2119 642 2184 contendere
665 2119 749 2201 licet,
773 2119 997 2202 hujuscemodi
1021 2120 1197 2184 vasculain
1211 2121 1435 2203 petrianostra

311 2239 437 2317 reperta
472 2253 537 2296 nou
572 2233 676 2298 solum
702 2238 789 2297 arcte
813 2253 886 2297 oum
910 2233 1105 2298 Britannicis
1130 2235 1298 2298 cohaerere
1323 2253 1433 2299 verum

311 2348 406 2409 etlam
445 2346 545 2410 multo
577 2347 732 2411 similiora
763 2348 814 2412 his
848 2366 919 2412 esse
950 2353 1059 2413 nostra
1082 2369 1180 2432 quam
1204 2348 1434 2431 SlesvioeusIa;

313 2479 419 2543 neque
453 2460 541 2544 quod
576 2461 615 2524 ad
650 2481 812 2525 summam
836 2480 903 2525 rem
939 2464 1061 2544 attinet,
1084 2463 1164 2546 quin
1188 2463 1290 2527 eidem
1315 2464 1433 2547 populo

314 2573 490 2637 debeantur
513 2574 645 2639 vascula
667 2572 879 2639 Neerlaudioa
903 2581 1000 2659 atque
1024 2576 1219 2659 Britannice,
1243 2576 1435 2642 dubitationi

313 2686 491 2751 obnoxium
525 2692 582 2752 est.
618 2687 736 2752 Utrum
774 2707 850 2753 vero
878 2688 1023 2755 Saxones
1046 2690 1168 2755 fuerInt
1191 2710 1231 2753 au
1255 2690 1355 2774 Angli
1378 2692 1436 2775 qui

313 2801 391 2864 haee
402 2799 547 2866 iecerunt
560 2803 700 2885 vascula,
713 2821 730 2866 e
742 2803 853 2866 formis
864 2806 1125 2888 ornamentisque
1138 2804 1305 2887 dijudicari
1317 2806 1437 2888 nequit,

347 3161 374 3224 1)
391 3161 453 3212 Tab.
472 3161 530 3211 VIII
551 3162 593 3225 ὓς.
611 3159 635 3210 9.

345 3253 373 3318 2)
391 3253 470 3302 Arch.
488 3251 529 3314 37,
548 3268 572 3316 p.
590 3251 653 3311 396)
673 3251 713 3311 38,
732 3267 755 3316 p.
774 3251 821 3314 97)
839 3250 880 3316 50,
897 3253 951 3302 leb.
969 3252 1002 3302 25
1020 3253 1063 3317 sig.
1081 3253 1109 3317 8;
1131 3254 1203 3304 Broc.
1221 3255 1253 3317 II,
1271 3255 1294 3308 B.
1313 3271 1337 3319 p.
1356 3254 1413 3307 178.

347 3343 373 3404 3)
391 3344 451 3394 Tab.
471 3344 530 3394 VIII
549 3344 592 3408 fig.
610 3343 634 3393 8.

346 3436 373 3497 1)
390 3436 452 3485 Tab.
470 3436 517 3486 VII
535 3435 578 3500 fig.
596 3435 638 3496 11,
655 3434 699 3484 la:
719 3435 773 3487 Cat.
793 3436 860 3486 Mus.
879 3437 962 3500 Lugd.
982 3437 1036 3486 Bat.
1056 3438 1085 3488 B.
1105 3438 1147 3501 IV,
1166 3437 1211 3502 18)
1231 3439 1348 3501 spatium
1358 3440 1437 3490 lineis

313 3526 427 3590 obliquis
444 3527 568 3590 expletur
584 3526 647 3576 ibid.
664 3524 689 3585 2,

346 3617 374 3679 5)
392 3617 472 3668 Anah.
489 3615 529 3681 38,
547 3617 600 3667 tab.
618 3615 659 3667 10.

347 3708 374 3773 6)
391 3708 454 3759 Tab.
471 3708 530 3759 VIII
549 3708 593 3772 fig.
610 3708 639 3772 4)
658 3708 740 3760 Gatal.
759 3710 827 3760 Mus.
846 3709 928 3775 Lugd.
950 3710 1005 3761 Bat.
1025 3712 1053 3762 B.
1071 3711 1114 3775 IV,
1131 3710 1156 3762 9.

349 3799 377 3865 7)
394 3800 430 3852 I.I.
449 3799 492 3864 lig.
510 3800 533 3850 4.

345 3892 372 3956 8)
391 3892 474 3942 Calai.
492 3891 559 3942 Mus.
577 3891 660 3956 Lugd.
679 3891 736 3942 Bat.
757 3892 783 3942 B.
802 3893 845 3955 IV,
863 3890 909 3956 19;
928 3893 998 3957 apud
1017 3894 1185 3945 Holwerdam
1205 3909 1258 3945 non
1276 3897 1387 3948 editum.

344 3981 372 4048 9)
390 3982 472 4033 Catal.
491 3983 520 4032 Β.
538 3982 580 4047 IV,
597 3981 638 4034 13.

328 4075 374 4139 10)
392 4074 472 4125 Aroh.
490 4072 536 4138 38,
555 4088 612 4137 pag.
630 4072 671 4124 97.

329 4165 374 4231 11)
393 4166 473 4216 arch.
491 4162 533 4228 37,
551 4179 609 4230 pag.
626 4163 683 4216 396.

329 4256 373 4322 Ia)
391 4257 453 4308 Tab.
473 4256 532 4307 v111
551 4255 594 4321 fig.
612 4255 636 4307 5.

330 4348 375 4415 13)
393 4350 473 4400 Areh.
491 4347 532 4407 50,
549 4348 600 4398 tab.
619 4346 652 4397 25
673 4347 716 4413 fig.
735 4348 781 4413 10)
801 4351 875 4401 Proc.
893 4351 926 4417 Il,
943 4350 985 4412 19,
1003 4367 1029 4416 p.
1046 4351 1104 4416 307,
1122 4358 1172 4404 ete.

330 4440 374 4506 It)
391 4441 453 4491 Tab.
470 4440 525 4503 VII,
543 4438 583 4504 13,
601 4439 670 4502 VIII,
686 4438 732 4504 153
751 4440 806 4492 Cat.
825 4443 892 4494 Mus.
912 4445 994 4508 Lugd.
1014 4446 1071 4494 Bet.
1091 4445 1118 4496 B.
1136 4446 1179 4509 IV,
1199 4445 1243 4511 17)
1261 4447 1293 4497 15
1304 4451 1439 4514 (congruit

313 4548 375 4584 cum
393 4532 472 4583 droh.
491 4530 531 4595 50,
550 4530 590 4595 25,
609 4529 665 4597 10))
685 4530 717 4582 Ia
735 4534 808 4598 (cunr
826 4534 906 4584 bullis
924 4535 1122 4601 conjunctum).
