3244 5296
826 555 889 620 132

289 737 378 804 beret.
402 737 531 804 Incolae
554 738 771 803 caedebantur
791 739 1080 823 capiebanturque3
1111 742 1164 804 alii
1188 741 1417 805 transmarinas

290 853 441 937 petebant
479 854 635 936 regiones,
670 854 723 916 alii
758 854 791 916 in
828 855 929 936 patria
966 855 1040 918 licet
1074 855 1189 938 trepidi
1224 854 1417 938 perstabant.

290 965 444 1050 Tempore
484 968 719 1031 interveniente
753 968 927 1050 aliquanto,
961 987 1030 1030 eum
1065 968 1260 1032 recessissent
1294 969 1415 1031 dorum

288 1077 501 1143 crudelissimi
520 1079 706 1162 praedones,
732 1079 813 1143 duce
838 1078 1011 1144 Ambrosio
1024 1081 1200 1145 Aureliano
1213 1081 1296 1145 vires
1309 1099 1417 1163 capes·

290 1196 376 1274 sunt,
408 1191 537 1256 victores
564 1199 767 1271 prouocantes
790 1193 834 1256 od
853 1192 1023 1272 proelium;
1047 1194 1118 1274 quis
1140 1193 1271 1257 uictoria
1294 1193 1417 1257 domino

289 1311 447 1371 annuente
477 1306 567 1370 cessit
581 1309 609 1385 ¹).
640 1305 693 1370 Ee
715 1326 748 1371 eo
771 1311 913 1388 tempore,
936 1309 983 1371 sic
1015 1325 1154 1391 sequens
1178 1313 1273 1391 caput
1296 1308 1418 1390 incipit,

288 1439 373 1483 nune
395 1421 475 1484 ciues
497 1419 705 1485 nunciantes
729 1419 901 1503 vincebant,
924 1441 1020 1506 usque
1043 1420 1086 1484 ad
1106 1440 1225 1485 annum
1238 1420 1419 1484 obsessionis

292 1532 452 1597 Badoniei
496 1534 618 1615 montis,
660 1535 906 1621 novissimaeque
950 1535 1049 1618 ferme
1084 1535 1120 1599 de
1154 1534 1322 1619 furciferis
1356 1554 1419 1598 non

291 1646 440 1711 minimae
462 1648 585 1729 strapis,
609 1648 722 1731 quique
744 1648 1004 1732 quadrupesimus
1026 1655 1160 1732 quartus
1182 1655 1219 1712 ut
1241 1649 1313 1712 novi
1335 1648 1418 1712 ordi-

292 1765 345 1823 tur
368 1779 476 1824 annus
499 1781 602 1825 meuse
623 1761 692 1840 jam
714 1781 778 1824 nno
802 1780 932 1842 emenso,
954 1762 1009 1846 qui
1032 1768 1060 1824 et
1078 1762 1351 1826 meaenotioitatis
1365 1767 1418 1824 est.

338 1871 387 1938 De
421 1875 492 1938 loco
527 1875 732 1957 conclamato,
766 1895 862 1959 quem
888 1876 1037 1939 ultimum
1064 1877 1293 1959 descripsimus
1317 1877 1418 1958 primo

293 2006 435 2070 agemus,
470 1989 627 2052 namhoc
652 1990 685 2051 in
711 1995 853 2073 tempore
877 1990 1097 2072 occupationis
1122 1988 1303 2054 definiendo
1327 1995 1418 2052 uten-

293 2101 371 2164 dum
405 2120 469 2164 non
506 2120 576 2166 esse
613 2101 807 2166 Monusnuos
842 2104 977 2185 putatu.
1009 2102 1083 2186 Ipsa
1110 2102 1215 2184 verba,
1240 2121 1322 2185 quae
1345 2101 1419 2165 libri

292 2215 419 2297 habent,
443 2215 644 2279 commodam
664 2217 958 2299 interpretationem
983 2217 1105 2279 nullam
1130 2217 1311 2280 admittunt.
1333 2214 1418 2291 Quid

290 2332 396 2391 autem
440 2328 600 2412 significat
643 2348 748 2393 annus
784 2330 837 2394 ille
873 2330 1139 2413 quadragesimus
1176 2329 1335 2413 quartus?
1372 2329 1419 2393 Ita

294 2448 489 2526 rogaverunt
527 2449 558 2507 et
592 2442 771 2507 Bounomos
804 2449 834 2508 et
871 2443 1076 2508 Monnsuuus.
1111 2444 1171 2507 Ille
1206 2444 1419 2527 quadraginta

254 2619 258 2628 ,
292 2561 445 2639 quattuor
469 2576 571 2621 annos
596 2557 723 2640 elapsos
747 2576 818 2621 asse
841 2559 1005 2622 contendit
1026 2559 1110 2621 inter
1131 2559 1265 2641 primam
1291 2556 1418 2620 Britan-

292 2671 363 2732 niae
398 2671 642 2752 occupationem
678 2675 718 2754 et
744 2669 961 2734 obsessionem
1001 2672 1119 2734 montis
1142 2667 1343 2749 Badoniciij,
1367 2671 1418 2732 hic

294 2784 378 2847 inter
398 2782 615 2847 obsessionem
641 2789 672 2847 at
696 2804 817 2847 annum
843 2791 1053 2866 praesentem,
1078 2804 1143 2867 quo
1170 2786 1310 2866 scriptus
1330 2783 1420 2846 libel-

292 2897 353 2960 lus.
376 2896 470 2960 Illius
494 2898 699 2980 explicationi
727 2898 814 2960 Bona
834 2897 927 2979 favet,
946 2898 1052 2960 locum
1067 2897 1239 2960 Gildauum
1253 2897 1312 2960 hoc
1325 2897 1416 2960 modo

295 3009 433 3073 reddens
446 3016 484 3086 ⁴):
525 3029 641 3097 „usque
675 3011 719 3074 ad
753 3030 876 3074 annum
910 3011 1093 3074 obsessionis
1116 3010 1276 3074 Badonici
1298 3011 1420 3092 montis,

297 3123 425 3206 quondo
459 3142 525 3186 non
559 3124 708 3187 minimas
742 3124 855 3187 eisdem
891 3123 1028 3188 hostibus
1050 3131 1170 3206 strapas
1193 3124 1320 3206 dobant,
1343 3145 1420 3210 quo·

295 3235 470 3320 draqesimo
493 3237 615 3300 circiter
638 3242 668 3300 et
691 3241 804 3318 quarto
827 3257 913 3302 omno
937 3239 1090 3302 aduentus
1113 3257 1218 3302 eorum
1238 3238 1273 3301 in
1286 3238 1420 3301 Britan-

296 3348 414 3412 niam''.
450 3349 498 3412 Bo
531 3350 624 3413 modo
649 3352 675 3413 si
700 3351 908 3434 intelligenda
932 3356 980 3415 ast
1004 3353 1117 3415 notitia
1142 3350 1262 3432 Gildaa,
1287 3351 1422 3434 quadra·

295 3463 384 3545 ginta
409 3468 562 3545 quattuor
585 3465 679 3526 annis
703 3470 777 3527 ante
801 3484 942 3548 pugnam
967 3464 1161 3528 Badonioam
1175 3467 1207 3528 in
1221 3464 1419 3528 Britanniam

299 3581 458 3640 venerunt
492 3575 654 3656 Saxones,
691 3596 775 3639 anno
812 3578 874 3639 516
912 3579 1055 3642 Annales
1091 3576 1256 3642 Cambriae
1283 3577 1421 3658 „bellum

298 3687 488 3751 Badonum'’
524 3688 756 3771 adscribuntb,
793 3686 868 3773 ergo
907 3712 991 3755 anno
1027 3693 1152 3756 circiter
1183 3693 1247 3754 472
1272 3699 1426 3777 occupata

297 3806 345 3864 est
368 3800 543 3864 Britannia.

331 4047 359 4112 i)
378 4048 453 4107 ibin,
470 4047 502 4097 bd
520 4063 560 4112 sq.
577 4047 665 4113 (pi-39
683 4064 721 4113 sq.
740 4050 795 4114 M.).

331 4139 358 4204 2)
376 4140 433 4190 Vid.
453 4139 525 4205 ibid,
543 4155 567 4203 p.
585 4137 601 4188 8
616 4154 655 4203 sq.

329 4229 357 4294 3)
378 4231 470 4280 Revue
488 4231 613 4294 celtique,
631 4229 647 4279 6
665 4229 755 4295 (1883)
775 4246 798 4294 p.
818 4231 830 4280 1
853 4246 924 4295 sqq.;
937 4237 1056 4283 anterut
1068 4231 1422 4283 novi''inserit:uadventus

299 4336 392 4371 corum
411 4322 440 4370 in
458 4321 651 4371 Britanniam.''

332 4413 360 4475 b)
379 4413 447 4462 Hist.
467 4411 635 4477 eccl.,l,1b.

334 4504 361 4570 5)
381 4505 441 4554 Vid.
460 4505 602 4568 Mouusnu,
621 4506 656 4554 l.l.
684 4520 709 4568 p.
726 4504 756 4570 93
766 4522 797 4557 ex
809 4508 958 4558 Annalibus
971 4507 1115 4558 Cambricis
1125 4508 1244 4571 pendent
1254 4507 1425 4557 recentiores.
