3218 5280
713 559 756 638 49

173 759 329 840 interfluit
351 780 506 847 quamque
527 760 657 824 diuortia
680 760 733 824 sui
754 758 884 824 Rhenus
908 761 1117 844 amplectitur,
1135 781 1242 844 paene,
1264 767 1298 826 nt

173 894 242 937 cum
276 874 360 938 uerbi
393 873 530 956 periculo
564 873 685 957 loquar,
709 877 796 936 terra
819 893 884 937 nen
906 880 968 938 est:
991 876 1037 938 ita
1058 876 1184 958 penitus
1206 877 1299 962 aquis

175 988 290 1051 imbuta
311 987 499 1069 permaduit,
523 991 557 1049 ut
580 1005 646 1050 nan
669 985 778 1067 solum,
800 1007 865 1070 qua
888 987 1058 1070 manifeste
1079 988 1233 1069 palustris
1245 993 1299 1069 est,

173 1101 262 1165 cedat
295 1103 338 1165 ad
370 1101 474 1164 nisum
505 1106 535 1165 et
565 1099 695 1164 hauriat
716 1121 827 1179 pressa
850 1101 1019 1183 vestipium,
1041 1102 1096 1166 sed
1118 1103 1221 1185 etiam,
1245 1103 1298 1166 ubi

170 1214 270 1299 paule
291 1215 415 1279 videtur
438 1213 571 1296 firmior,
585 1214 702 1298 pedum
724 1213 818 1294 pulsu
842 1218 992 1294 temptata
1014 1217 1298 1300 quatiaturetsen-

174 1329 233 1392 lirc
262 1348 294 1393 se
315 1328 423 1407 procul
446 1334 529 1392 matu
544 1327 671 1407 pandus
693 1332 829 1392 testetur.
856 1327 909 1391 lta
932 1334 967 1391 ut
989 1349 1039 1392 res
1061 1334 1114 1412 est,
1136 1329 1299 1412 subjacen-

176 1443 258 1506 tibus
289 1443 413 1506 innatat
434 1449 463 1506 ct
486 1461 638 1526 suspensa
662 1441 724 1505 late
746 1440 881 1521 vacillat,
904 1442 1069 1506 almerita
1092 1443 1163 1528 quis
1186 1441 1301 1506 dicerit

176 1555 380 1618 exercendum
414 1554 514 1638 fuisse
535 1555 595 1617 tali
616 1553 679 1618 sela
702 1553 830 1617 militem
853 1555 897 1617 ad
919 1553 1031 1618 navale
1054 1559 1218 1618 certamen.
1240 1553 1302 1620 Sed

176 1689 275 1756 neque
308 1668 380 1732 illae
413 1668 548 1753 fraudes
578 1669 714 1732 locorum
737 1688 793 1731 uec
815 1688 897 1752 quae
917 1668 1057 1747 plurima
1079 1669 1208 1732 inerant
1229 1688 1299 1748 per-

177 1784 270 1867 fnpia
304 1782 455 1846 siluarum
490 1783 639 1846 barbaras
674 1789 771 1864 tepere
792 1787 973 1863 potueruut,
996 1783 1164 1868 queminus
1186 1782 1302 1846 dicioni

178 1901 250 1960 tuae
279 1896 454 1960 divinitatis
475 1915 581 1960 amnes
602 1916 665 1960 sese
689 1896 797 1959 dedere
821 1903 1000 1977 caperentur
1023 1903 1140 1959 etcum
1163 1895 1302 1979 conjupi·

179 2010 237 2074 bus
270 2030 307 2074 aa
340 2009 444 2074 liberis
479 2016 636 2095 ceteroque
672 2011 813 2073 erramina
842 2010 1106 2073 necessitudinum
1136 2031 1173 2073 ac
1196 1999 1301 2073 rerum

179 2143 312 2188 suarum
336 2124 379 2188 ad
401 2122 467 2187 loca
488 2122 561 2186 alim
584 2123 705 2187 deserta
730 2123 904 2186 transirent
927 2127 971 2203 ut,
994 2143 1074 2208 quac
1097 2123 1230 2206 fortasse
1243 2122 1304 2203 ipsi

179 2237 338 2322 quendam
361 2236 581 2320 depraedanda
604 2241 814 2316 uastauerant,
837 2233 921 2298 culta
944 2235 1110 2299 redderent
1132 2235 1303 2300 serviendo.

184 2351 261 2432 Quis
295 2349 349 2414 boc
382 2369 530 2434 umquam
564 2350 722 2433 futurum,
752 2349 874 2412 etiamsi
896 2369 1001 2413 ceram
1026 2348 1170 2414 valuisset
1192 2351 1303 2434 affari,

181 2465 257 2530 deus
290 2473 363 2530 ante
384 2485 436 2528 ros
456 2465 613 2548 principes
629 2464 818 2544 persuadere
838 2464 995 2548 patuisset,
1015 2465 1098 2550 quod
1119 2485 1203 2529 nunc
1224 2465 1302 2530 aidi-

182 2598 253 2642 mus
291 2583 320 2642 et
353 2578 507 2642 ridemus:
541 2579 614 2641 tatis
640 2575 813 2660 porticibus
846 2577 1008 2639 civitatum
1043 2577 1147 2641 sedere
1181 2578 1304 2658 captiua
1365 2640 1370 2649 ,

181 2694 311 2774 apmina
332 2691 546 2772 barbarorum,
569 2691 650 2754 ciros
673 2689 808 2754 attonita
831 2690 960 2773 feritate
983 2691 1183 2774 trepidantes,
1204 2691 1304 2775 despi-

182 2805 293 2868 cientes
326 2823 409 2868 anus
442 2803 599 2885 ipnadam
629 2802 777 2885 filiarum,
807 2810 924 2882 nuptas
954 2804 1150 2886 meritarum,
1171 2805 1304 2869 uinculis

182 2915 339 2997 capulatas
371 2935 485 2996 pueros
518 2936 555 2979 ac
583 2915 709 2999 puellas
740 2915 899 2999 familiari
921 2935 1082 2980 rnecrmnrc
1107 2917 1305 2982 blandientes

183 3036 277 3117 atque
310 3029 365 3094 bas
398 3048 504 3093 omnes
531 3028 781 3108 prouincialibus
803 3029 913 3092 nestris
936 3029 979 3091 ad
1000 3029 1176 3117 obsequium
1200 3031 1306 3095 distri-

185 3145 281 3222 butas,
303 3143 399 3207 donec
421 3143 464 3207 ad
485 3142 653 3206 destinatas
677 3142 736 3206 sibi
760 3141 861 3205 cultus
884 3141 1088 3206 solitudinum
1107 3144 1306 3209 ducerentur.

186 3256 347 3321 Insultare
380 3256 500 3320 hercule
533 3256 688 3320 communi
719 3255 901 3320 Galliarum
924 3256 1045 3319 nemine
1067 3255 1138 3320 libet
1165 3263 1203 3340 et,
1226 3258 1307 3338 qued

183 3390 261 3449 pace
282 3373 386 3434 uestra
409 3369 529 3455 loquar,
553 3370 628 3453 ipsis
651 3367 844 3448 triumphum
857 3369 1209 3452 desipuerepreeinciis.
1226 3371 1308 3434 Aret

185 3505 256 3566 erpo
278 3503 364 3548 nunc
387 3476 464 3547 mibi
484 3482 661 3549 Oleamaeus
673 3489 701 3546 ct
714 3481 844 3546 Frisius
856 3489 884 3546 et
896 3481 948 3545 ille
959 3503 1064 3565 napus,
1076 3482 1127 3546 ille
1133 3483 1309 3566 praedator

186 3598 329 3662 exercitio
351 3596 517 3685 squalidus
539 3597 628 3660 ruris
647 3601 796 3675 operatur
816 3600 845 3659 ct
857 3596 1309 3681 frequentalnundinasmeas

185 3732 294 3792 pecare
316 3711 419 3776 venali
440 3715 469 3775 ct
492 3710 600 3774 cultor.
614 3709 769 3774 barbarus
793 3715 880 3773 terat
903 3729 1070 3773 annonam.
1093 3709 1176 3788 Quin
1189 3711 1311 3775 etiamsi

187 3825 230 3889 ad
255 3824 398 3889 dilectum
424 3827 555 3904 vacetur,
578 3821 716 3886 accurrit
739 3826 767 3884 et
790 3821 945 3914 obsequiis
966 3823 1080 3886 teritur
1102 3828 1131 3886 et
1155 3829 1240 3907 terpo
1263 3844 1309 3888 co·

187 3937 329 4002 bcrcctnr
351 3942 380 4002 ct
402 3937 518 4002 seruire
539 3957 571 4000 se
593 3935 724 4000 militiae
742 3936 867 4000 nomine
887 3935 1079 4017 pratulatur.

234 4051 282 4117 De
317 4053 426 4116 eadem
454 4071 495 4115 *re
530 4056 640 4134 postea
654 4039 692 4131 ¹):
725 4049 813 4114 Sicut
843 4056 906 4130 tuo,
936 4049 1133 4114 Maximiane
1162 4050 1311 4134 Aupuste,

190 4265 371 4328 amplectitur,
388 4263 504 4313 dubitari
522 4263 630 4326 nequit3
649 4262 671 4311 si
689 4261 790 4311 Scaldis
809 4259 949 4310 retinenda
968 4265 1007 4308 est
1025 4259 1110 4322 lectio,
1126 4260 1181 4322 jam
1199 4261 1261 4309 inde
1279 4259 1312 4310 ab

191 4358 242 4406 hoc
261 4360 380 4419 tempore
398 4355 464 4404 citra
483 4355 611 4404 Vahalem
631 4353 787 4402 habitabant
806 4351 910 4413 Franci,
926 4352 971 4400 uhi
983 4351 1077 4400 »olim''
1087 4351 1162 4401 sedes
1171 4366 1216 4402 eos
1226 4352 1313 4416 legisse

191 4447 224 4497 ad
242 4461 345 4496 annum
362 4445 412 4496 358
430 4449 558 4496 annotare
577 4445 750 4494 ammianum
770 4444 927 4494 videbimus

225 4537 254 4604 l)
271 4537 336 4588 lbid.
353 4535 394 4590 21.
416 4603 423 4614 Ι

1198 4627 1214 4678 4
