3240 5304
839 459 857 525 2

281 650 378 732 juxta
400 648 550 715 Rhenum
574 649 754 715 inferiorem
769 654 841 733 post
861 648 1108 714 Poenrsonuaun
1123 649 1144 730 ¹)
1157 651 1252 714 etiam
1264 648 1375 713 Koron
1388 650 1410 730 ⁹)

286 764 509 845 contenderat3
545 763 705 830 Hoorsrus
737 783 811 830 vero
844 763 914 829 fiori
943 765 977 828 id
1000 785 1064 828 non
1089 766 1234 848 potuisse
1257 763 1411 847 perhibet,

285 880 348 942 nisi
379 879 441 962 ipsi
471 879 716 962 Anglosaxonos
742 878 790 943 vel
814 897 889 962 pars
913 878 1071 962 quaedam
1092 896 1202 942 eorum
1228 883 1307 941 tuno
1331 883 1410 942 tem-

286 994 372 1076 poris
402 994 486 1057 oiroa
516 975 622 1058 Rheni
646 995 726 1057 ostia
750 991 923 1056 habitarint
936 991 968 1072 ⁸).
992 991 1041 1054 En
1066 993 1287 1076 quaestionem
1312 992 1410 1056 hahes

285 1106 541 1189 redintegratam,
564 1126 661 1190 quam
684 1112 759 1170 ante
783 1107 841 1170 hos
865 1107 1033 1189 sexaginta
1055 1125 1157 1170 annos
1173 1107 1239 1188 jam
1261 1111 1411 1188 posuerat

287 1218 485 1284 Hunnnuuus
509 1219 699 1284 Murmuaus
720 1219 973 1302 jurisconsultus
988 1216 1028 1298 ⁴l;
1049 1217 1135 1301 leges
1158 1219 1266 1301 igitur,
1292 1217 1412 1301 quibus

286 1333 415 1418 linguae
450 1333 634 1416 oboediunt,
670 1333 710 1397 ad
741 1332 875 1398 eandem
907 1333 1100 1416 hypothesin
1124 1330 1292 1396 Hoorsmu
1316 1333 1411 1396 duoe-

286 1447 372 1529 bant,
415 1468 511 1532 quam
550 1449 616 1530 jam
654 1448 776 1512 dudum
812 1452 1045 1531 proposuerant
1080 1447 1232 1511 historiae
1262 1447 1411 1530 jurisque

286 1562 387 1644 periti.
413 1561 476 1637 Qui
499 1566 604 1626 tamen
629 1580 740 1626 omnes
765 1562 985 1644 quaestionem
1006 1563 1050 1623 ita
1070 1561 1411 1642 solvereoonatisunt,

287 1681 322 1739 ut
346 1696 443 1759 quam
468 1675 713 1759 diligentissime
736 1677 877 1759 deipsis
901 1673 1189 1758 Anglosaxonibus
1214 1693 1296 1758 quae
1318 1675 1410 1737 inno-

285 1790 406 1852 tuerint
430 1788 632 1872 collegerint,
658 1789 737 1851 mihi
761 1807 844 1870 vero,
858 1808 932 1852 oum
946 1789 1014 1872 ipse
1027 1789 1247 1871 quaestionem
1262 1806 1412 1872 agressus

286 1922 399 1984 essem,
424 1903 530 1966 statim
555 1901 724 1965 videbatur
747 1903 806 1966 rite
831 1903 869 1966 de
892 1921 928 1966 ea
953 1902 1004 1985 agi
1027 1921 1092 1965 non
1117 1921 1219 1985 posse,
1242 1902 1413 1965 nisiaoeu-

286 2021 354 2080 rate
378 2016 417 2079 de
440 2016 575 2080 aliorum
601 2035 730 2100 quoque
753 2016 945 2099 populorum
969 2017 1000 2078 in
1028 2016 1130 2098 patria
1148 2020 1257 2080 nostra
1278 2014 1410 2080 sedibus

287 2131 432 2214 egissem,
468 2149 563 2213 quam
595 2148 662 2193 rem
686 2130 734 2192 illi
756 2135 882 2194 tantum
906 2129 1019 2193 leviter
1042 2130 1221 2213 attigerant.
1244 2129 1324 2194 Inde
1347 2129 1411 2193 iao·

286 2249 356 2308 tum
381 2249 426 2324 ut,
450 2263 523 2307 oum
548 2244 640 2306 initio
664 2245 794 2308 nonnisi
818 2244 858 2307 de
881 2242 1168 2327 Anglosaxonihus
1187 2244 1410 2326 agereoonsti-

286 2358 430 2438 tuissem,
455 2356 494 2420 de
513 2355 662 2440 pluribus
682 2356 752 2419 aliis
765 2358 815 2439 egi
829 2356 957 2440 populis
971 2355 1138 2420 Germanis
1151 2359 1271 2439 patriae
1284 2363 1411 2422 nostrae

198 2527 202 2534 .
285 2471 409 2535 incolis.
433 2469 521 2534 Haeo
544 2471 642 2554 igitur
666 2471 762 2552 hujus
786 2470 1011 2554 disputationis
1034 2472 1114 2534 ratio
1137 2475 1194 2552 est,
1215 2476 1250 2534 ut
1269 2473 1409 2554 primum

287 2571 459 2668 inquiram,
489 2603 645 2668 quasnam
675 2585 822 2667 regiones
854 2585 934 2648 aliae
957 2589 1069 2667 gentes
1093 2602 1130 2647 eo
1155 2588 1298 2667 tempore
1320 2583 1409 2648 hahi-

285 2700 432 2780 taverint,
456 2696 580 2778 deinde,
592 2696 708 2780 ecquid
720 2697 795 2761 inde
807 2697 846 2760 de
857 2697 1153 2781 Anglosaxonibus,
1166 2702 1276 2761 utrum
1289 2700 1410 2782 patriae

288 2818 415 2876 nostrae
449 2811 572 2874 incolae
601 2810 722 2874 fuerint
752 2829 863 2893 neone,
897 2811 981 2876 effioi
1011 2813 1121 2896 possit,
1144 2818 1305 2895 postremo
1330 2812 1408 2896 quid

284 2928 403 2991 indicia
425 2925 662 3009 archaeologioa
684 2925 723 2988 de
746 2926 805 2990 hao
828 2944 863 2990 re
887 2926 1030 2992 dooeant.

321 3603 510 3668 1)Laut1ehre
537 3603 563 3652 d.
589 3601 689 3667 grieoh.
715 3603 760 3653 lat.
785 3603 838 3653 und
858 3618 924 3654 rorn.
941 3603 1051 3656 Lehnw.
1068 3604 1105 3654 im
1124 3604 1228 3670 Alteng.
1247 3620 1272 3668 p.
1288 3604 1322 3670 e;
1340 3607 1410 3669 apud

289 3698 421 3744 nostrates
447 3694 551 3757 primus
576 3693 684 3743 nomina
702 3695 877 3759 geographica
895 3695 1048 3745 Britannica
1066 3710 1128 3745 oum
1146 3696 1330 3747 Neerlandiois
1347 3712 1411 3748 oon-

288 3787 352 3836 tulit
377 3786 547 3836 lllouuuusnrt
573 3784 601 3835 in
628 3784 710 3850 Bijdr.
737 3801 761 3836 u.
787 3785 891 3837 Vaderl.
917 3786 1011 3837 Gesoh.
1038 3801 1071 3837 en
1096 3786 1246 3838 Oudheidlr.
1265 3789 1309 3852 ΙΙΙ,
1328 3804 1352 3852 p.
1370 3787 1411 3852 50,

288 3877 345 3942 113,
362 3876 409 3927 221
430 3892 497 3941 sqq,
514 3877 557 3940 Vl,
575 3891 600 3940 p.
619 3875 668 3927 ill
687 3892 743 3942 sqq.

321 3967 348 4032 Ι)
367 3967 455 4018 Pauus
472 3966 619 4017 Grundriss
636 3967 683 4017 der
701 3982 784 4032 germ.
801 3968 896 4020 Philol.
914 3969 946 4034 1¹,
963 3984 988 4033 p.
1006 3968 1063 4021 ³49.

321 4057 349 4122 3)
367 4059 384 4109 l.
403 4058 420 4108 l.
438 4073 463 4122 p.
480 4056 537 4108 586.

321 4151 349 4213 l)
366 4151 419 4200 Der
444 4150 497 4200 Lex
523 4148 608 4200 Salice
634 4150 689 4199 und
716 4151 763 4202 der
779 4151 833 4202 Lex
852 4151 1010 4217 Angliorum
1027 4157 1053 4203 et
1072 4153 1245 4206 Werinorum
1264 4155 1339 4205 Alter
1357 4156 1410 4206 und

290 4243 429 4307 lleimath3
455 4242 527 4292 inter
553 4256 578 4291 v.
604 4242 636 4292 ol.
662 4242 704 4293 his
721 4243 753 4293 do
771 4244 852 4295 rebus
870 4245 1037 4309 conjecturas
1054 4246 1211 4297 falsissimas
1229 4262 1335 4313 quoque
1354 4263 1412 4299 esse

289 4334 481 4385 demonstravit
509 4349 533 4385 v.
559 4333 737 4386 churuonau
755 4335 782 4386 in
803 4337 937 4387 llritisohe
954 4337 1044 4388 Jahrb.
1062 4338 1080 4388 l.
1097 4338 1231 4390 Deutsohe
1248 4326 1412 4392 Rechtswis-

288 4428 424 4480 sensohalt
442 4428 471 4492 V,
487 4425 511 4492 9,
531 4443 557 4492 p.
573 4425 623 4477 996
640 4442 698 4493 sqq.
