3240 5304
831 555 870 622 10

280 745 341 812 bns
365 745 472 810 verbis
496 746 577 810 nihil
601 746 690 810 alind
713 744 895 830 significare
920 745 989 810 vult
1013 748 1123 810 auctor
1148 765 1244 830 quem
1269 747 1302 810 in
1326 765 1404 811 enu-

281 862 442 928 merandis
464 862 616 946 gentibus
640 861 779 946 Belgicis
803 881 837 928 se
856 863 997 947 incipere
1017 883 1035 926 a
1053 868 1142 946 parte
1154 863 1406 946 septentrionali,

281 996 346 1040 non
371 996 389 1040 e
411 976 476 1040 fine
499 976 699 1040 meridionali
722 979 752 1056 (a
775 975 945 1061 Sequana),
969 977 1088 1060 primas
1112 981 1219 1041 autem
1239 978 1407 1041 nominare

282 1110 318 1156 se
350 1096 463 1175 gentes
490 1093 638 1174 regiones
662 1093 837 1156 exteriores
861 1090 1011 1171 colentes,
1035 1096 1145 1174 postea
1167 1092 1298 1155 demum
1323 1110 1407 1174 quae

281 1207 435 1270 interiora
458 1205 601 1270 habitent
614 1203 654 1284 ¹)ss
681 1206 813 1269 minime
831 1206 931 1289 igitur
945 1205 1113 1288 Jungenda
1132 1203 1230 1270 verba
1250 1225 1287 1286 „a
1299 1204 1406 1269 Scaldi

282 1317 424 1401 extere'',
448 1320 535 1403 quod
558 1319 728 1384 Zeussium
752 1319 867 1384 iecisse
890 1320 1046 1403 suspicor.

328 1431 451 1510 Quodsi
486 1438 571 1497 recte
601 1433 846 1516 explicavimus,
872 1431 968 1496 Plinii
994 1431 1090 1496 verba
1119 1453 1157 1514 ,a
1180 1431 1309 1496 Scaldi”
1333 1451 1406 1496 ean-

282 1547 354 1611 dem
387 1547 451 1610 rim
484 1545 601 1611 habere
635 1567 673 1611 ac
695 1548 722 1611 si
746 1548 892 1630 posuiset
915 1551 1026 1611 auctor
1052 1567 1090 1628 ,a
1114 1547 1407 1630 septentrionibus”

284 1660 334 1725 vel
357 1660 515 1743 ejusmodi
539 1660 670 1744 aliquid,
694 1661 827 1724 minime
850 1658 992 1724 Plinium
1017 1678 1130 1724 omnes
1153 1664 1266 1744 gentes
1289 1660 1361 1725 illas
1373 1662 1405 1724 in

282 1777 414 1859 regione
438 1774 478 1838 ad
500 1775 602 1857 ripam
627 1776 790 1838 sinistram
814 1773 938 1838 Scaldis
961 1775 1039 1838 sitas
1059 1773 1233 1838 credidisse
1252 1775 1407 1858 sequitur,

283 1894 446 1972 restatque
469 1889 536 1952 sola
548 1889 627 1952 haec
638 1890 793 1973 quaestio,
806 1909 824 1952 a
837 1907 901 1972 quo
913 1888 984 1952 leco
996 1889 1137 1971 regionis
1150 1888 1407 1972 septentrionalis

283 2007 436 2090 inceperit
471 2009 592 2086 auctor,
627 2008 736 2067 utrum
772 2024 791 2068 a
821 2008 909 2087 parte
931 2002 1130 2085 occidentali,
1154 2023 1172 2066 a
1196 2005 1277 2066 mari
1299 2004 1407 2086 igitur,

284 2141 324 2185 an
350 2119 389 2185 ab
416 2120 573 2201 orientali,
596 2139 615 2183 a
638 2117 729 2184 Mosa
750 2118 893 2201 flumine,
916 2139 991 2182 nam
1014 2119 1049 2183 id
1072 2118 1149 2181 dnm
1174 2109 1346 2201 nescimus,
1370 2119 1408 2183 de
1425 2183 1439 2194 „

283 2237 429 2319 gentium
464 2236 703 2298 nominatarum
738 2231 870 2297 sedibus
905 2233 1013 2296 omnia
1044 2233 1165 2298 incerta
1189 2236 1327 2297 manent.
1350 2230 1407 2294 Vi·

284 2350 425 2414 dendum
462 2351 569 2433 igitur,
604 2347 684 2432 qnid
718 2347 850 2412 aliunde
884 2347 923 2411 de
957 2348 1021 2411 illis
1055 2347 1207 2431 gentibus
1241 2349 1407 2431 cognitum

284 2463 467 2529 habeamus.
503 2462 544 2527 ut
575 2462 614 2526 de
637 2461 772 2526 Morinis
797 2462 908 2526 saltem
933 2462 1078 2525 notitiam
1101 2467 1249 2525 tenemus
1273 2459 1407 2524 Susino-

284 2575 387 2659 u182t:
421 2582 483 2650 τοῖς
510 2574 674 2648 Meuaniam
708 2572 794 2639 i'rici
819 2580 955 2653 συνεχεῖς
979 2572 1029 2638 ἐπὶ
1051 2583 1088 2656 τῇ
1113 2573 1252 2655 θαλάττῃ
1277 2574 1406 2656 Mopmur'.

285 2693 366 2756 llari
389 2695 488 2776 igitur
511 2691 696 2756 accolebant
719 2689 854 2770 Morini,
879 2692 1032 2774 quoniam
1057 2711 1075 2754 a
1099 2689 1406 2754 Pnnuointerinsn·

284 2808 367 2871 lares
399 2825 463 2870 non
496 2810 727 2870 enumerantur
750 2808 781 2869 et
804 2806 838 2867 in
863 2805 959 2868 maris
984 2805 1091 2868 littore
1113 2803 1243 2871 Scaldis.
1259 2803 1409 2888 Belgicae

284 2920 359 2985 finis
389 2925 464 3002 erat,
495 2924 606 2983 contra
641 2918 815 3002 Menapios,
851 2919 908 3002 qui
942 2919 1007 2982 illis
1041 2917 1170 2982 finitimi
1202 2922 1292 2983 erant
1305 2915 1338 3001 ³),
1369 2920 1408 2983 ad

286 3054 374 3100 mare
411 3035 605 3118 pertinuisse
637 3032 763 3096 nullum
795 3037 900 3096 exstat
934 3032 1101 3113 indicium,
1135 3031 1316 3096 Plandriam
1354 3034 1408 3097 ho·

286 3150 427 3213 diernam
442 3146 465 3228 ‘t
501 3147 663 3211 habitasse
689 3165 744 3211 eos
767 3165 823 3230 pro
847 3151 933 3209 certo
958 3142 1109 3209 affirmari
1136 3152 1248 3229 potest.
1272 3146 1409 3212 Exteras

284 3265 431 3327 nationes
455 3281 647 3327 enumerans
672 3265 742 3344 post
766 3259 908 3323 Morinos
932 3264 963 3323 et
982 3258 1156 3323 Britannos
1175 3261 1311 3344 ignotos,
1331 3262 1408 3325 Am·

285 3377 407 3459 bianos,
430 3382 499 3441 tum
524 3375 712 3440 Bellovacos
735 3357 880 3438 nominat
903 3373 1046 3438 Plinius:
1072 3375 1149 3438 satis
1168 3375 1268 3458 igitur
1279 3379 1409 3458 apparet

286 3513 304 3556 a
327 3493 528 3576 septentione
552 3491 717 3554 meridiem
748 3508 862 3554 versus
875 3507 1006 3572 pergere
1018 3489 1076 3572 qui
1087 3489 1134 3552 sic
1147 3492 1323 3570 enumerat,
1335 3509 1409 3552 nam

286 3604 438 3669 Ambiani
472 3603 716 3668 Bellovacorum
747 3601 877 3666 finitimi
908 3601 1172 3685 septentrionales
1196 3603 1263 3686 jam
1293 3602 1411 3667 iudea

287 3718 431 3784 Caesaris
466 3717 664 3804 temporibus
699 3721 798 3799 erant,
833 3719 952 3800 qnippe
982 3718 1039 3800 qui
1064 3736 1082 3780 a
1105 3716 1336 3782 Suessionibus
1355 3736 1411 3801 per

319 3991 347 4056 l)
364 3993 458 4055 ltaque
485 3996 543 4055 post
561 3991 670 4040 nomina
687 4005 768 4053 supra
786 3989 919 4052 exscripta
937 3989 1135 4038 introrsus
1152 3987 1287 4053 Catoslugi
1305 4003 1328 4040 c.
1347 4004 1372 4053 q.
1391 4003 1411 4039 s.

285 4085 408 4149 legimus.

319 4174 347 4239 fi)
367 4175 410 4238 IV,
427 4190 452 4238 p.
469 4172 527 4224 194.

317 4265 345 4331 3)
363 4266 473 4316 Praeter
490 4265 570 4316 Plinii
585 4266 674 4314 locum
691 4255 830 4314 laudatum
849 4265 882 4314 ct.
900 4262 1002 4326 Strabo,
1020 4263 1063 4328 IV,
1081 4279 1106 4326 p.
1125 4261 1175 4312 199
1198 4255 1411 4314 ὄπλοῦιίιπότῶν

286 4355 428 4418 ὁμορούντων
445 4365 495 4409 τοῖς
513 4355 642 4410 Mevaniae
660 4359 768 4416 Μορινῶν.

316 4448 345 4510 t)
362 4447 472 4498 Praeter
488 4447 562 4498 illam
579 4449 716 4513 regionem
733 4447 866 4498 Artesiam
884 4462 991 4512 quoque
1009 4450 1037 4497 et
1054 4445 1411 4510 Picardiamseptentriona·

283 4543 337 4592 lem
355 4542 475 4592 tenuisse
493 4556 538 4592 eos
557 4541 701 4592 verisimile
720 4545 769 4592 est.
