3244 5296
827 555 889 618 100

296 741 384 825 dens,
418 741 503 826 apud
534 740 683 805 Rhenum
710 741 800 805 nullo
826 741 919 804 modo
944 739 1104 804 habitasse
1126 744 1249 823 potest,
1273 739 1423 803 Bructeri

290 855 351 918 hoc
375 861 517 938 tempore
541 853 722 936 Hercyniae
744 855 847 918 silvae
871 854 998 918 accolae
1022 855 1151 917 nonnisi
1177 873 1305 918 summa
1324 853 1420 917 liber-

291 973 356 1032 tate
390 969 514 1051 poetica
549 969 776 1046 nominantur3
812 965 1047 1032 Cheruscorum
1080 968 1145 1049 J'am
1183 967 1259 1030 iude
1282 989 1301 1031 a
1322 967 1422 1030 Taciti

290 1087 437 1164 tempore
463 1081 564 1164 magis
591 1080 759 1163 magisque
783 1078 1018 1143 debilitatorum
1040 1086 1112 1163 post
1132 1078 1302 1144 Nazamon
1321 1099 1423 1162 supra

292 1197 425 1260 citatum
461 1195 521 1257 hoo
557 1213 622 1258 uuo
658 1193 728 1257 loco
741 1191 765 1272 ¹)
800 1195 919 1257 mentio
955 1193 1000 1275 fit,
1032 1193 1155 1257 nullius
1189 1195 1343 1257 momenti
1366 1211 1422 1256 eos

291 1315 369 1373 tunc
391 1308 492 1372 fuisse
515 1307 699 1372 luculenter
724 1313 873 1390 apparet3
895 1312 1055 1390 postremo
1076 1306 1198 1370 Gallica
1211 1307 1266 1370 illa
1278 1314 1422 1370 armenta

292 1441 351 1505 per
373 1421 483 1484 Albim
506 1421 702 1484 Francorum
730 1426 855 1484 montes
878 1422 1076 1503 pererrantia
1100 1420 1259 1503 ejusmodi
1281 1427 1367 1500 sunt,
1389 1424 1424 1482 ut

293 1535 394 1598 risum
431 1539 538 1597 tenere
569 1532 610 1596 oh
633 1538 697 1595 tam
722 1533 885 1596 insulsum
911 1533 1032 1596 dictum
1058 1533 1114 1596 vix
1138 1534 1309 1616 possimus,
1332 1531 1422 1607 Quae

294 1647 402 1709 omnia
435 1645 506 1710 ideo
541 1645 718 1727 attulimus
753 1651 790 1709 ut
824 1647 920 1709 etiam
953 1645 992 1708 de
1016 1644 1193 1728 Sigambris
1219 1644 1422 1728 Chaucisque

298 1779 380 1843 quae
417 1758 547 1842 praebet
582 1758 779 1822 Claudianus
812 1778 878 1821 non
910 1759 949 1822 ad
986 1758 1120 1823 verbum
1145 1759 1330 1842 accipienda
1353 1749 1425 1822 esse

297 1873 513 1938 ostendamus.
526 1871 682 1952 Cimbros,
695 1872 877 1954 Bastarnas,
889 1873 1001 1936 silvam
1017 1871 1223 1954 Hercyniam,
1235 1870 1424 1952 Cheruscos,

295 1987 405 2050 Albim
430 2006 470 2050 ex
495 1985 706 2069 scriptoribus
730 1987 874 2069 antiquis
899 1986 948 2050 vel
972 1988 1080 2069 potius
1104 2005 1145 2050 ex
1160 1985 1422 2068 enchiridiopoe-

296 2103 360 2165 tico
384 2101 492 2184 aliquo
517 2101 664 2183 sumpsit,
688 2120 761 2163 nam
787 2119 828 2163 ex
851 2102 920 2184 ipso
941 2119 1000 2164 suo
1013 2088 1157 2184 tempore
1168 2099 1331 2182 rebusque
1343 2106 1422 2162 tunc

299 2216 398 2298 gestis
433 2232 561 2279 sumere
594 2233 631 2278 ea
659 2233 723 2276 non
748 2216 870 2297 potuit,
895 2218 927 2277 et
950 2213 1183 2297 ejusdemmodi
1206 2212 1287 2276 fonti
1312 2210 1419 2274 deberi

300 2327 447 2392 Chaucos
471 2334 502 2392 et
526 2327 721 2411 Sigambros,
744 2329 892 2410 quamvis
916 2327 1128 2391 demonstrari
1140 2346 1204 2389 non
1217 2328 1327 2410 possit,
1340 2325 1422 2387 veri-

297 2441 497 2504 simillimum
523 2449 627 2502 tamen
654 2446 717 2503 est:
739 2441 778 2504 de
791 2439 993 2503 Chaucorum
1007 2437 1031 2518 ²)
1045 2440 1093 2503 vel
1108 2439 1348 2524 Sigambrorum
1362 2439 1422 2500 hoc

297 2559 440 2637 tempore
464 2553 595 2617 sedibus
619 2553 699 2615 nihil
724 2572 741 2616 e
765 2551 934 2616 Claudiani
959 2553 1106 2617 versibus
1118 2552 1372 2617 efficeremalim.
1385 2549 1424 2613 ld

299 2669 385 2752 quod
411 2669 558 2751 inprimis
584 2668 763 2750 urgendum
789 2674 846 2748 est,
858 2669 935 2751 quia
947 2686 964 2731 e
977 2665 1146 2731 Claudiani
1160 2666 1276 2748 verbis,
1289 2668 1316 2730 si
1329 2666 1424 2748 plane

297 2785 338 2846 iis
372 2782 468 2846 fidem
505 2781 670 2862 habemus,
705 2783 853 2865 sequitur
868 2779 891 2858 ³)
922 2783 1086 2846 exstitisse
1110 2781 1168 2844 hac
1191 2782 1297 2844 adhuc
1322 2787 1424 2846 aetate

300 2895 540 2980 Sigambrorum
565 2897 736 2976 civitatem,
759 2916 777 2958 a
800 2895 996 2958 Francorum
1022 2895 1190 2976 diversam,
1214 2913 1287 2957 nam
1314 2895 1422 2958 eodem

299 3029 396 3074 versu
420 3015 451 3073 et
473 3008 632 3090 Sigambri
653 3014 683 3072 et
702 3007 819 3072 Franci
831 3011 1049 3072 nominantur.
1062 3007 1303 3092 Sigambrorum
1318 3015 1423 3072 tamen

300 3125 413 3186 civitas
433 3125 497 3205 jam
524 3142 542 3184 a
564 3120 690 3185 'liberio
715 3121 842 3185 sublata
855 3128 923 3185 erat
936 3128 967 3186 et
980 3123 1080 3203 major
1092 3142 1165 3206 pars
1178 3141 1288 3186 eorum
1305 3123 1336 3184 in
1351 3121 1424 3185 Gal-

299 3238 373 3300 liam
397 3240 627 3318 transportata;
653 3239 683 3298 et
707 3241 785 3298 tunc
808 3237 960 3319 temporis
983 3255 1100 3298 nomeu
1114 3254 1225 3299 eorum
1239 3237 1424 3319 praesertim

299 3357 428 3434 propter
447 3349 568 3412 cladem
589 3347 765 3410 Lollianam
779 3349 982 3412 notissimum
998 3353 1065 3411 erat
1078 3347 1120 3428 ⁴¹);
1134 3354 1164 3411 et
1177 3354 1347 3432 postquam
1358 3350 1424 3431 jam

300 3462 460 3527 Hoaarrus
497 3459 637 3542 ,feroces
672 3459 867 3544 Sygambros
902 3480 957 3544 per
981 3480 1107 3524 sacrum
1133 3461 1251 3524 clivum
1277 3461 1426 3542 tractos,'’

303 3577 507 3658 „compositis
538 3576 636 3637 armis
670 3576 857 3657 Augustum
884 3572 1094 3638 venerantes'’
1119 3576 1379 3638 commemoravit
1392 3573 1427 3654 ⁵),

333 3771 360 3836 1)
381 3772 401 3822 Ε
420 3769 682 3821 »Canahocherucis'’
699 3771 728 3820 in
748 3770 874 3820 Venantii
888 3771 1029 3821 Fortunati
1038 3770 1153 3833 epistula
1164 3771 1194 3820 ad
1207 3771 1321 3821 Felicem
1332 3772 1390 3834 (Ill,
1398 3769 1426 3834 4)

301 3864 329 3914 in
347 3865 436 3915 lucem
454 3877 498 3912 eos
515 3861 672 3925 protrahere
690 3864 779 3912 conati
797 3867 860 3912 sunt
881 3863 931 3912 viri
948 3863 1027 3913 docti.

332 3956 360 4020 2)
379 3955 494 4006 Omnino
512 3968 565 4003 non
583 3957 693 4017 propter
710 3953 838 4020 Chaucos,
847 3955 874 4004 in
884 3968 1000 4017 quorum
1011 3953 1110 4004 finibus
1120 3953 1219 4017 ’pascit
1230 3955 1309 4019 Belga
1319 3954 1427 4018 pecus”,

300 4047 416 4097 Saxones
432 4045 460 4095 iu
479 4044 587 4094 Batavia
604 4058 698 4094 revera
716 4044 836 4096 Chaucos
854 4046 937 4096 luisse
955 4044 1152 4110 puto;nomine
1162 4045 1321 4110 grandisono
1330 4047 1427 4108 utitur,

301 4144 331 4189 ut
349 4138 420 4188 idem
439 4137 510 4187 dicat
527 4151 558 4187 ac
575 4150 654 4186 versu
674 4137 809 4200 sequenti.

333 4229 362 4294 3)
379 4229 411 4279 Et
429 4242 523 4278 revera
540 4228 638 4277 horum
657 4227 812 4279 testimonio
831 4244 878 4292 pro
897 4232 970 4280 certo
992 4229 1042 4279 hoc
1060 4228 1139 4278 hahet
1158 4228 1253 4278 Danu:
1272 4228 1430 4291 DieKbnige

301 4323 350 4371 der
365 4320 525 4386 Germanou,
540 4318 596 4382 Vll,
612 4318 637 4386 1,
654 4333 680 4382 p.
697 4317 739 4370 at.

337 4412 365 4476 4)
383 4411 512 4461 Auctores
530 4414 558 4460 et
576 4410 641 4459 alibi
661 4410 781 4461 citantur
798 4417 824 4461 et
841 4413 911 4476 apud
932 4412 1038 4475 Z1PPnn,
1056 4411 1091 4463 l.l.
1109 4427 1135 4475 p.
1152 4411 1192 4460 14.

336 4502 364 4566 5)
382 4500 468 4553 Carm.
486 4501 528 4564 lV,
545 4499 570 4562 h,
586 4499 619 4549 34
637 4515 709 4566 sqq,
727 4502 769 4565 14,
786 4501 816 4552 51
837 4517 876 4566 sq.
