3240 5304
857 555 898 620 26

313 764 331 808 a
373 747 454 810 mari
485 765 589 830 nsque
623 723 848 810 ad'Rhenum
884 745 976 810 sedes
1010 744 1170 810 habebant
1205 744 1332 826 Morini,
1369 745 1434 811 Me-

313 861 409 943 napii,
438 859 630 944 Texuaudri,
654 860 803 945 Cugerni,
833 861 917 924 intel
940 859 1082 924 Morinos
1107 859 1271 943 Menapios
1295 860 1434 925 Batavos

314 971 451 1038 Marsaci
474 993 572 1058 prope
595 974 635 1038 ab
659 994 786 1039 oceano.
810 973 915 1038 Lacus
938 972 1028 1038 Flevi
1047 972 1434 1054 ambiebanturaFrisiis,

315 1107 452 1172 quorum
486 1089 616 1153 finitimi
638 1090 670 1152 in
694 1090 799 1154 littore
818 1090 884 1172 jam
909 1090 988 1152 citra
1011 1088 1168 1152 Amisiam
1193 1088 1313 1152 Chauci
1336 1096 1435 1172 erant,

314 1205 358 1266 ita
391 1209 507 1285 tamen,
542 1211 577 1267 ut
612 1205 644 1267 hi
681 1223 811 1287 quoque
847 1223 944 1266 unam
978 1209 1009 1266 et
1039 1202 1170 1266 alteram
1196 1204 1275 1266 citra
1299 1202 1434 1266 Flevum

314 1309 459 1381 tenerent
489 1319 637 1382 insulam.
670 1317 761 1382 Ultra
789 1317 933 1380 dextram
956 1315 1060 1381 Rheni
1083 1323 1203 1399 partem
1228 1316 1340 1380 Frisiis
1363 1336 1434 1400 pro-

313 1433 425 1515 pinqui
461 1439 575 1496 terram
612 1438 847 1515 occupaverant
870 1430 982 1495 Rheno
1007 1431 1145 1515 proximi
1169 1429 1354 1511 Chattuarii,
1378 1433 1436 1514 qui

313 1550 420 1609 tamen
444 1565 518 1610 eum
542 1546 658 1628 locum,
683 1546 739 1609 ubi
761 1544 895 1609 Rhenus
920 1544 1208 1626 dividebatur,non
1223 1547 1432 1623 transierant3

314 1660 463 1743 ultraque
497 1658 698 1724 Chattuarios
721 1681 739 1724 a
763 1659 939 1726 Frisiorum
964 1659 1086 1724 linibus
1109 1659 1243 1723 fortasse
1268 1677 1371 1742 usque
1395 1659 1433 1722 ad

313 1771 450 1856 Lupiam
476 1772 628 1837 Chamavi
651 1793 856 1858 permagnam
881 1773 1058 1858 implebant
1081 1775 1261 1857 regionem3
1279 1772 1435 1837 citraLu-

313 1889 396 1969 piam
422 1889 646 1952 transrhenani
670 1888 918 1952 inveniebantur
940 1887 1093 1952 Tencteri.

356 2000 396 2064 In
427 2002 514 2066 hisne
545 2002 696 2066 omnibus
720 2004 898 2068 statuendis
922 2002 1096 2068 credidisse
1119 2021 1178 2066 nos
1200 2002 1309 2066 Tacito
1333 2003 1434 2086 magis

210 2167 211 2170 ,
314 2135 409 2198 quam
434 2115 543 2180 liceret
566 2119 606 2197 ei,
630 2119 687 2201 qni
709 2123 802 2181 caute
822 2119 967 2200 judicare
991 2117 1077 2198 velit,
1100 2115 1195 2181 erunt
1217 2117 1354 2182 fortasse
1378 2120 1435 2200 qui

312 2230 514 2294 contendent.
539 2228 587 2294 De
606 2229 705 2296 Taciti
717 2233 751 2295 in
764 2231 862 2296 rebus
874 2233 1034 2296 historicis
1047 2231 1265 2296 describendis
1279 2231 1340 2295 lide
1352 2250 1436 2315 quae

312 2346 457 2427 sentiam,
492 2364 595 2425 nemo,
629 2349 665 2409 ut
700 2347 760 2409 hoc
791 2345 861 2409 looo
885 2346 1063 2429 expediam,
1087 2366 1105 2409 a
1130 2364 1181 2408 me
1204 2344 1381 2428 postulabit
1403 2351 1434 2409 et

312 2475 423 2520 revera
446 2478 464 2520 a
488 2477 557 2521 meo
581 2459 741 2542 proposito
766 2459 998 2523 alienissimum
1024 2459 1083 2522 hoc
1107 2459 1242 2522 videtur.
1262 2457 1300 2521 In
1314 2477 1434 2542 regeo-

311 2571 463 2654 graphica
483 2572 572 2635 nulla
595 2573 624 2636 ei
647 2591 744 2636 eausa
768 2590 839 2637 esse
861 2574 976 2657 potuit,
997 2592 1055 2636 cur
1074 2570 1334 2636 sciensfraudem
1349 2592 1433 2636 com-

313 2686 452 2750 mitteret
487 2723 527 2732 -
564 2685 620 2750 sed
651 2687 779 2769 saepius
810 2705 917 2751 errore
940 2705 1011 2751 esse
1034 2685 1166 2750 ductum
1191 2705 1265 2750 eum
1289 2686 1433 2751 fontibus

312 2800 381 2863 suis
404 2801 537 2863 nimiam
560 2799 754 2864 tribuentem
775 2804 995 2864 auctoritatem
1016 2819 1127 2864 omnes
1147 2802 1306 2864 novimus.
1319 2799 1434 2884 Itaque

254 2925 256 2928 ’
313 2913 352 2977 de
378 2913 568 2978 Germaniae
592 2913 737 2998 partibus
761 2914 967 2978 interioribus
992 2915 1018 2978 si
1043 2933 1094 2979 res
1118 2915 1197 2977 mihi
1219 2913 1343 2996 fuisset,
1367 2933 1433 2977 om-

312 3029 389 3090 niuo
420 3027 520 3092 Taciti
550 3027 700 3112 operibus
724 3029 794 3092 sine
817 3031 966 3093 examine
989 3030 1098 3093 critico
1119 3049 1199 3093 usus
1223 3048 1287 3122 non
1312 3047 1431 3108 essem3

313 3143 367 3205 sed
400 3143 438 3206 de
470 3145 571 3227 patria
602 3149 711 3206 nostra
742 3141 799 3205 ubi
822 3144 937 3226 agitur,
959 3143 1054 3226 longe
1077 3145 1169 3206 aliter
1191 3145 1298 3207 omnia
1322 3162 1356 3208 se
1379 3145 1433 3207 ha·

313 3254 396 3319 bent.
419 3255 492 3319 Non
517 3256 620 3320 solum
646 3257 715 3318 loca
739 3258 819 3318 marl
843 3258 1023 3340 propinqua
1047 3257 1165 3340 optime
1185 3255 1340 3320 Romanis
1360 3263 1434 3320 uota

311 3368 411 3432 luisse
447 3369 597 3450 vidimus,
621 3369 676 3432 sed
700 3376 812 3433 auctor
835 3371 913 3452 ipse,
936 3371 1029 3451 cujus
1052 3370 1176 3433 notitiis
1197 3368 1341 3433 Tacitum
1367 3389 1433 3433 ma·

307 3484 407 3564 jorem
444 3481 600 3546 bellorum
637 3481 899 3546 Germanicorum
932 3482 1188 3566 Germaniaeque
1210 3482 1433 3566 descriptionis

311 3601 434 3679 partem
458 3595 571 3660 debere
593 3597 678 3660 inter
701 3614 812 3659 omnes
836 3599 970 3678 constat,
992 3599 1025 3659 in
1039 3594 1326 3678 hisceregionibus
1340 3596 1431 3679 dege

311 3716 369 3789 rat,
392 3709 535 3772 Plinium
560 3710 639 3772 dico.
665 3707 824 3785 Quoniam
848 3711 948 3792 igitur
970 3712 1054 3774 scire
1073 3711 1186 3793 potuit,
1207 3710 1263 3793 qui
1276 3708 1332 3773 ubi
1345 3709 1432 3773 habi-

311 3824 449 3886 taverint
480 3842 517 3885 eo
552 3829 694 3906 tempore
719 3825 828 3907 populi
848 3825 933 3901 (licet
956 3843 1020 3886 non
1047 3842 1158 3887 omnes
1182 3823 1280 3887 Plinii
1304 3827 1432 3887 notitias

312 3954 413 4018 aeque
436 3934 517 3998 bene
540 3936 754 4017 intellexerit),
779 3955 883 4019 neque
907 3956 1004 4000 causa
1028 3939 1057 3999 ei
1081 3945 1147 4000 erat
1170 3956 1229 4000 cur
1249 3939 1432 4020 quaeaudi-

295 4051 393 4113 »verit
427 4050 579 4133 legeritve
611 4056 756 4130 mutaret,
787 4051 856 4113 sine
893 4052 1001 4113 nimiis
1026 4051 1187 4133 scrupulis
1211 4052 1338 4133 scriptis
1362 4053 1433 4133 ejus

311 4166 359 4227 uti
383 4183 433 4228 me
456 4183 549 4247 posse
572 4165 693 4247 putavi.
