3240 5304
834 523 874 588 14

286 713 406 780 Frisios
437 714 578 779 minores
607 713 659 794 (de
682 712 802 796 quibus
824 711 908 776 infra
931 716 1075 796 agemus)
1099 712 1235 778 fortasse
1258 733 1318 778 suo
1338 716 1413 798 jure

286 829 478 913 suspicatur.
504 826 639 893 Flevum
658 827 765 911 ipsum
791 825 847 889 ubi
870 826 969 889 situm
992 824 1101 910 fuerit,
1124 827 1229 892 dicere
1251 846 1316 891 non
1340 847 1413 910 pos-

287 961 411 1024 sumus,
444 945 584 1006 attamen
607 941 654 1004 cis
677 939 835 1004 Amisiam
855 937 961 1004 Rheni
984 957 1020 1004 os
1044 939 1195 1004 ultimum
1220 941 1326 1005 locum
1350 939 1414 1004 sibi

287 1054 438 1120 habuisse
471 1055 553 1118 ratio
587 1054 658 1138 ipsa
690 1051 768 1116 fort:
805 1052 911 1116 mirati
945 1052 1046 1136 igitur
1076 1058 1154 1116 sunt
1177 1051 1326 1116 nonnulli
1351 1053 1415 1116 viri

287 1168 372 1232 docti
406 1166 561 1250 Chaucos,
595 1185 677 1251 quos
713 1166 797 1230 ultra
827 1165 947 1231 Frisios
971 1166 1063 1230 sedes
1086 1165 1237 1231 habuisse
1259 1166 1414 1248 sciebant,

288 1283 498 1347 nihilominus
517 1282 597 1346 citra
619 1280 753 1345 Flevum
777 1280 902 1344 insulas
926 1279 1096 1363 habitasse,
1109 1279 1413 1364 dubitaveruntque,

289 1415 367 1461 num
403 1415 515 1460 verum
550 1395 670 1459 dixerit
704 1393 840 1458 Plinius.
875 1393 938 1459 Sed
973 1395 1066 1458 littus
1093 1395 1204 1459 oceani
1235 1396 1331 1459 etiam
1362 1396 1413 1459 his

288 1508 473 1594 regionibus
497 1509 616 1592 optime
638 1505 793 1572 Romanis
817 1511 929 1570 notum
954 1504 1074 1587 erat¹);
1100 1526 1165 1571 non
1185 1508 1291 1572 solum
1304 1507 1413 1572 Druso

290 1623 371 1687 duce
407 1641 583 1704 „occanum
618 1619 674 1684 illa
709 1616 1018 1703 temptaverunt”²)‚
1051 1621 1108 1685 sed
1143 1622 1286 1705 Augusti
1316 1623 1414 1704 jussu

289 1740 393 1801 totum
428 1735 519 1799 littus
550 1733 818 1818 exploraverunt:
847 1734 969 1817 classis,
994 1753 1077 1817 quae
1100 1736 1210 1800 oceani
1234 1736 1414 1799 circumna-

291 1852 456 1935 vigaverat
486 1851 588 1932 sinus,
611 1848 650 1912 ab
675 1849 821 1912 inaudito
845 1854 942 1932 atquo
965 1850 1130 1932 incognito
1153 1855 1226 1914 ante
1251 1851 1330 1914 mari
1353 1849 1409 1913 ilu-

290 1966 377 2029 mine
399 1964 476 2027 Albi
500 1962 655 2028 subvecta
677 1964 834 2027 exercitui
858 1961 1051 2046 Caesarique
1063 1959 1087 2044 8)
1111 1982 1146 2028 se
1160 1964 1272 2046 junxit
1284 1970 1415 2029 auctore

288 2077 429 2142 Vanumo
443 2083 474 2157 ⁴),
509 2096 573 2160 qua
596 2075 637 2140 de
660 2095 695 2141 re
720 2075 849 2140 Parmos
874 2076 952 2140 haec
965 2073 1007 2152 ⁶):
1036 2078 1314 2160 „septentrionalis
1339 2097 1414 2142 vero

291 2210 431 2257 oceanus
456 2191 574 2273 majore
597 2209 638 2254 ex
661 2195 751 2275 parte
770 2191 941 2273 navigatus
962 2195 1010 2254 est
1029 2192 1181 2275 auspiciis
1195 2191 1261 2254 divi
1272 2191 1415 2276 Augusti

293 2305 496 2371 Germaniam
522 2305 624 2369 classe
635 2305 841 2369 circumvecti
854 2305 893 2368 ad
907 2303 1108 2368 Cimbrorum
1122 2305 1416 2389 promunturium.’'

291 2420 355 2486 Sed
377 2422 480 2506 ipsius
503 2420 706 2503 imperatorie
732 2418 829 2484 verba
852 2419 1023 2484 audiamus
1037 2416 1077 2497 ⁶)²
1105 2419 1249 2504 „cla[ssis
1270 2439 1340 2485 mea
1359 2439 1416 2504 per

292 2533 460 2618 oceanum]
492 2533 532 2598 ab
563 2533 646 2598 ostio
674 2531 779 2596 Rheni
802 2532 842 2595 ad
865 2533 942 2597 solis
966 2534 1098 2597 orientis
1122 2535 1285 2618 regionem
1310 2553 1416 2618 usque

292 2649 332 2713 ad
369 2647 585 2732 [Cimbrorum
618 2645 757 2730 gente]m
785 2647 959 2730 navigavit,
984 2666 1048 2730 quo
1071 2666 1178 2730 neque
1202 2653 1285 2712 terra
1309 2667 1416 2732 neque

293 2762 373 2825 mari
407 2764 580 2845 quisquam
614 2759 780 2824 Romanus
814 2765 888 2824 ante
922 2759 956 2822 id
979 2764 1106 2845 tempus
1129 2760 1205 2844 adit,
1229 2758 1416 2845 cimbrique

292 2880 324 2939 et
359 2873 521 2955 Charydes
552 2880 583 2938 et
612 2872 790 2937 Semnones
813 2880 845 2936 et
868 2873 1011 2956 ejusdem
1036 2877 1157 2938 tractus
1181 2873 1415 2939 Germanorum

292 2986 427 3071 popul[i]
471 3006 528 3070 per
562 2986 684 3070 legatos
719 2986 892 3049 amicitiam
930 3005 1032 3050 meam
1067 2993 1099 3051 et
1133 2987 1244 3071 populi
1277 2986 1417 3052 Romani

293 3099 475 3185 petierunt”
489 3097 521 3179 ⁷).
544 3098 624 3163 Tum
648 3098 775 3163 Plinius
794 3101 863 3184 ipse
882 3101 916 3163 in
929 3099 1132 3164 Chaucorum
1145 3103 1247 3184 patria
1259 3103 1418 3185 stipendia

292 3211 461 3294 lacerath:
490 3215 518 3278 si
544 3215 646 3298 igitur
669 3213 708 3277 de
730 3217 815 3277 terra
837 3213 877 3277 ab
900 3214 965 3278 illis
990 3215 1131 3278 habitata
1153 3216 1297 3279 notitiam
1322 3215 1416 3279 nobis

296 3385 440 3394 ———-

327 3489 355 3554 l)
373 3489 411 3540 cf.
438 3488 611 3538 Darnnrsnu:
632 3486 677 3537 Die
696 3486 874 3552 Entdeclrung
891 3487 937 3537 des
954 3488 1159 3552 germanischau
1179 3488 1298 3538 Nordans
1316 3488 1353 3538 im
1371 3489 1417 3538 hl-

295 3585 404 3642 tonum,
422 3595 448 3644 p.
463 3578 496 3628 ta
514 3593 571 3643 sqq.

327 3672 355 3736 2)
373 3671 433 3722 Tac.
450 3669 547 3734 Germ„
564 3668 605 3720 34.

327 3763 355 3829 3)
372 3762 486 3822 Tiberio,
510 3777 591 3830 quem
618 3777 688 3813 anno
714 3762 730 3812 4
748 3777 773 3826 p.
792 3763 819 3814 C.
838 3778 864 3813 n.
882 3777 969 3826 usque
987 3763 1020 3813 ad
1039 3763 1126 3814 Albim
1144 3763 1292 3815 exercitum
1311 3765 1418 3816 duxisse

294 3855 403 3906 aliunde
422 3854 531 3904 scimus

329 3946 356 4012 d)
374 3943 481 4009 11,106.

328 4039 355 4102 5)
374 4039 434 4089 Nat.
453 4038 528 4099 Hist,
545 4037 578 4099 ll,
595 4035 652 4087 167.

327 4130 355 4196 6)
372 4131 426 4181 Res
442 4133 532 4194 gestae
549 4128 589 4192 (iu
608 4129 678 4178 Mon.
696 4129 813 4194 hecyr),
831 4128 873 4181 ab.

329 4221 357 4287 7)
374 4221 563 4273 Additamenta
590 4235 604 4270 e
632 4224 707 4270 textu
735 4220 850 4272 Graeco:
875 4224 963 4279 Στόλος
982 4220 1036 4281 ἐμὸς
1054 4221 1093 4270 διὰ
1111 4217 1214 4270 ὠκεανοῦ
1231 4223 1278 4272 ἀπὸ
1296 4227 1418 4284 στόματος

297 4313 376 4371 Ῥήνου
395 4313 424 4370 ὡς
442 4314 495 4373 πρὸς
513 4312 634 4368 ἀνατολὰς
650 4311 723 4372 μέχρι
742 4311 816 4368 ἔθνους
834 4314 941 4375 Κίμβρων
959 4312 1074 4361 ’ἔπλευσεν
1092 4329 1116 4364 a.
1134 4330 1159 4379 q.
1177 4330 1197 4366 s.

329 4405 357 4471 8)
375 4405 435 4456 Nat.
452 4403 529 4467 Hier,
545 4402 587 4467 16,
604 4402 628 4453 1.
645 4403 774 4454 Videatur
791 4405 906 4456 Miiuzna
924 4405 951 4455 in
972 4406 1053 4456 Boun.
1071 4406 1161 4456 Jahrb.
1179 4405 1228 4456 104
1238 4407 1418 4470 (Dierellcn

297 4499 343 4548 des
360 4497 467 4546 Tacitus
485 4496 529 4546 fiir
549 4495 592 4545 die
610 4495 876 4562 Germauenhriege),
894 4513 917 4561 p.
936 4496 1043 4548 67-85.
