3240 5304
857 547 899 611 86

316 735 421 800 solum
455 733 647 816 Romanum,
681 736 716 798 in
739 735 800 799 hoo
823 753 900 799 casu
926 735 966 798 ad
989 735 1129 800 insulam
1153 731 1359 815 Batavorum,
1383 735 1442 798 ud·

317 851 472 914 venerint.
495 847 663 932 EJ'usmodi
684 867 759 914 vero
778 849 870 913 loeus
882 848 927 912 ibi
939 849 1164 914 tantummodo
1176 850 1316 914 inveniri
1329 853 1448 933 potest,

317 963 374 1028 ubi
397 961 531 1028 Rhenus
553 962 675 1029 fluvius
699 981 764 1027 non
788 963 916 1047 imperii
939 965 1098 1026 terminus
1110 968 1167 1044 est,
1180 962 1236 1027 sed
1248 968 1336 1026 totus
1349 969 1447 1026 extra

316 1079 489 1160 imperium
520 1079 612 1159 situs,
641 1079 700 1141 ie.
724 1078 758 1140 in
784 1078 1025 1161 propinquitate
1049 1080 1125 1141 ostii
1148 1078 1321 1159 orientalis,
1345 1097 1447 1161 prope

318 1190 416 1254 Plinii
448 1188 582 1254 Flevum
619 1196 650 1255 et
683 1191 773 1254 lanus
807 1192 871 1273 jam
906 1190 1000 1254 nobis
1024 1192 1178 1274 cognitos,
1201 1190 1283 1255 Nam
1307 1191 1445 1256 Rhenus

318 1302 376 1368 ubi
416 1305 542 1388 imperii
582 1306 740 1369 terminus
782 1310 924 1386 vocatur,
968 1303 1119 1368 omnibus
1153 1323 1254 1388 paene
1288 1305 1366 1368 louis
1400 1306 1445 1370 de

318 1416 435 1482 Vahali
456 1419 517 1501 agi,
540 1420 651 1502 paucis
673 1395 808 1483 fortasse
834 1418 874 1482 (le
896 1419 951 1482 illo
975 1418 1117 1482 insulam
1129 1416 1326 1482 Batavorum
1338 1419 1444 1482 inolu-

319 1530 415 1595 dente
450 1531 541 1595 alveo
576 1531 690 1612 medio,
725 1531 815 1595 nullo
850 1531 889 1595 de
920 1530 1018 1595 Fleuo
1049 1532 1194 1616 plerique
1217 1534 1444 1612 consentiunt;

318 1650 391 1728 post
423 1645 610 1729 Augustum
635 1647 786 1711 huonon
812 1651 966 1709 venerant
989 1645 1140 1729 legiones,
1164 1645 1271 1710 Hasce
1294 1648 1444 1729 regiones

320 1765 444 1844 praeter
466 1761 588 1843 priscos
611 1757 789 1823 Chamavos
812 1758 933 1824 Frisios
958 1759 1169 1844 Ohauuosque
1187 1758 1348 1824 habitasse
1361 1760 1443 1823 vidi·

320 1892 403 1954 mus,
448 1871 572 1936 Juhani
616 1878 724 1938 autem
770 1879 914 1956 tempore
947 1874 1026 1938 haee
1056 1893 1121 1938 non
1153 1879 1447 1938 commemorantur

320 1987 462 2068 nomina,
496 1986 553 2050 sed
587 1984 852 2050 bellicosissimae
885 1991 999 2070 gentes
1033 1991 1124 2050 trans
1158 1985 1306 2050 Rhenum
1341 1993 1373 2050 et
1401 1987 1445 2049 ad

321 2117 477 2163 oceanum
518 2098 669 2182 degentes
711 2101 920 2163 nominantur
963 2098 1077 2163 Franci
1112 2105 1143 2163 et
1177 2097 1321 2164 Saxones
1337 2098 1367 2180 Ι),
1401 2099 1445 2162 ad

318 2211 466 2302 Saxones
491 2232 620 2297 quoque
643 2213 816 2296 ejiciendos
839 2212 993 2278 Julianus
1012 2214 1153 2276 mittitur
1164 2209 1198 2295 Ι),
1218 2232 1237 2276 a
1256 2211 1444 2277 Saxonibus

321 2325 425 2391 Sahos
459 2344 500 2391 ex
535 2332 619 2391 terra
652 2327 754 2411 patria
778 2327 932 2410 expulsos
954 2325 1066 2409 fuisse,
1089 2331 1198 2390 noster
1221 2327 1312 2390 docet
1335 2326 1446 2406 locus3

321 2442 428 2504 omnia
463 2441 648 2525 eonspirant
681 2440 720 2504 ad
757 2440 1042 2505 demonstrandum
1069 2437 1147 2527 jure
1170 2440 1210 2504 de
1233 2447 1321 2525 parte
1343 2439 1446 2504 Saxo-

321 2575 400 2642 num
434 2555 579 2618 locutum
616 2573 686 2620 esse
721 2554 895 2637 Zosimum,
929 2553 1094 2619 Saxonum
1131 2555 1210 2636 dieo,
1240 2555 1275 2618 id
1306 2561 1444 2620 estnon

321 2687 438 2753 parvae
472 2671 571 2733 unius
605 2671 711 2753 gentis
745 2669 844 2750 illius,
879 2689 975 2753 quam
1012 2688 1037 2733 e.
1050 2691 1080 2752 g.
1111 2669 1314 2734 Ptolemaeus
1345 2689 1445 2754 prope

323 2781 558 2847 Chersonesum
594 2782 785 2847 Cimbricam
821 2784 920 2863 novit,
955 2783 1010 2847 sed
1046 2785 1191 2848 universi
1222 2785 1333 2868 populi
1363 2804 1445 2847 non·

322 2897 430 2960 nullas
464 2902 575 2980 gentes
610 2902 704 2961 antea
735 2915 795 2960 suo
820 2915 983 2981 quamque
1005 2899 1138 2961 nomine
1160 2897 1335 2981 appellatas
1358 2916 1444 2961 com-

323 3011 420 3096 plexi,
443 3010 518 3074 inde
541 3032 559 3074 a
583 3009 773 3074 Maximiani
796 3016 899 3074 aetate
921 3010 980 3073 hoe
1004 3009 1170 3074 Saxonum
1195 3012 1325 3075 nomine
1345 3014 1445 3074 maria

322 3123 513 3206 infestantis
547 3130 631 3189 terra
666 3125 767 3207 magis
799 3125 967 3207 magisque
989 3124 1080 3188 sedes
1105 3124 1315 3189 extendentis.
1340 3124 1444 3189 (lhan-

324 3257 433 3302 uorum
470 3257 600 3322 quoque
634 3244 665 3302 et
699 3243 827 3322 gentem
862 3244 894 3301 et
928 3257 1045 3301 nomen
1079 3240 1113 3300 in
1149 3235 1294 3302 Saxones
1327 3238 1446 3304 abiisse

324 3352 499 3416 verisimile
526 3352 670 3431 videtur3
695 3370 802 3435 neque
825 3357 932 3416 tamen
957 3349 1062 3427 Quadi
1086 3350 1261 3415 Zosimiani
1283 3353 1318 3414 in
1342 3350 1446 3416 Chau-

324 3487 379 3530 oos
402 3466 549 3530 mutandi
572 3471 658 3546 sunt,
681 3466 715 3529 id
739 3465 826 3549 quod
850 3472 881 3529 et
905 3465 959 3528 alii
983 3465 1127 3529 fecerunt
1150 3469 1181 3529 et
1201 3465 1300 3530 Zuuss
1315 3461 1354 3545 Β);
1379 3485 1443 3529 non

324 3581 429 3645 solum
471 3572 669 3664 probabilius
712 3586 760 3643 est
800 3581 834 3642 in
873 3581 1001 3662 ignotae
1034 3580 1173 3662 alicujus
1206 3581 1312 3662 gentis
1346 3600 1443 3664 quam

328 3759 470 3769 —-——-

358 3876 387 3940 t)
404 3875 456 3926 Jul.
483 3874 527 3926 Or.
553 3876 573 3939 1,
598 3875 669 3926 341)
696 3875 728 3941 (1,
754 3873 786 3924 43
804 3875 863 3938 ll.i;
890 3880 983 3938 gentes
1007 3874 1063 3925 illie
1081 3875 1232 3925 habitantes
1250 3873 1369 3937 δύσμαχα
1386 3891 1445 3927 esse

325 3971 393 4033 πειρᾷ
411 3963 517 4027 ἐκμαθὼν
531 3966 656 4018 Julianus
673 3968 724 4017 scit
741 3966 796 4030 (Or.
815 3967 847 4028 Il,
866 3965 898 4016 56
917 3967 952 4030 Β;
970 3967 989 4028 Ι,
1008 3965 1037 4017 'll
1059 3965 1114 4029 H.).

359 4059 386 4124 Ι)
404 4057 530 4123 Zosimus,
548 4058 593 4122 ΙΙΙ,
610 4058 634 4110 l.

359 4149 387 4215 3)
404 4152 440 4202 l.l.
467 4166 492 4215 p.
518 4149 576 4214 331,
601 4149 659 4202 382.
684 4151 810 4202 Ceterum
828 4152 938 4203 Zausslo
955 4165 1064 4216 quoque
1081 4166 1135 4201 non
1153 4152 1181 4202 in
1200 4152 1296 4203 Zosimi
1313 4157 1389 4203 textu
1408 4155 1447 4204 le-

326 4243 444 4310 gendum
476 4243 583 4294 videtur
609 4240 735 4304 Καοόχους
762 4245 804 4293 vel
829 4243 961 4307 ejusmodi
986 4243 1098 4308 aliquid,
1123 4244 1169 4293 sed
1195 4244 1285 4307 ipsum
1312 4243 1446 4295 zosimum

326 4334 458 4386 erravisse
476 4334 594 4389 Κουάδους
611 4335 774 4385 scribentem
792 4339 882 4399 putat;
900 4335 934 4385 ei.
953 4335 1272 4394 ernasnuru-Dann,
1289 4334 1447 4386 Gesohichte

327 4429 375 4478 der
392 4427 666 4492 vollstaenderung
682 4428 702 4492 Ι,
719 4443 744 4491 p.
762 4425 825 4492 4763
843 4427 875 4477 de
894 4428 986 4479 Frisiis
1004 4427 1101 4492 cogitat
1119 4427 1448 4479 Wa1u22DeutseheVer-

328 4519 614 4585 iassuugsgaschichte,
635 4519 668 4583 ΙΙ,
685 4533 710 4582 p.
727 4517 769 4569 hi.
