3240 5304
839 563 881 627 28

339 747 513 830 Κατὲχουσι
538 750 569 815 δὲ
594 756 649 826 τῆς
672 748 840 834 Γερμανίας
863 749 906 815 τοῦ
929 749 984 829 μὲν
1008 747 1094 830 παρίι
1112 747 1162 814 τὸν
1181 754 1268 822 Ρῦνον
1282 747 1420 827 ποταμὸν

293 864 472 947 οίρχομένοις
494 866 552 930 ἀπ’
577 865 691 947 ἄρκτων
710 863 783 930 οίτε
794 864 961 946 Βροῦκτεροι
975 865 1000 929 οἱ
1013 864 1109 946 μικροί
1123 864 1175 928 καί
1188 865 1213 928 οἱ
1225 862 1419 944 Σύγαμβροι,

294 980 349 1062 ὑφ’
382 977 431 1054 οὓς
454 981 478 1044 οἱ
499 980 615 1060 Σῦιρβοι
639 981 665 1045 οἱ
687 979 916 1061 Λαγγοβοίρδοι·
941 975 1009 1043 εἶτα
1033 977 1170 1060 Τὲνιιεροι
1193 977 1244 1042 καί
1265 976 1421 1058 Ἰνκρίωνες

296 1091 416 1172 μεταξὺ
441 1099 493 1158 τοῦ
514 1119 549 1159 τε
569 1094 668 1169 Ῥήνου
681 1092 734 1158 καί
747 1098 804 1158 τῶν
817 1092 1009 1172 Ἀβνοβαίων
1021 1091 1111 1173 ὀρέων·
1124 1091 1175 1156 καί
1190 1090 1234 1156 ἔτι
1248 1090 1419 1172 Ἰντοιίεργοι

296 1212 348 1271 καί
374 1205 561 1288 Οὐαρνίωνες
584 1206 636 1271 καί
662 1206 808 1287 Καριτνοί,
834 1207 879 1287 ὑφ
903 1202 951 1280 οὓς
976 1205 1107 1270 Οὐισποί
1127 1204 1421 1280 ιιαίὴτῶνἘλουνρ-

295 1319 362 1386 τίων
386 1319 520 1402 Ἕρνμος
544 1320 636 1402 μεχρί
661 1325 717 1386 τῶν
741 1319 895 1401 εἰρημένων
918 1318 1073 1385 Ἀλπείων
1096 1318 1186 1400 ὀρέων.

339 1433 404 1506 Tira
438 1434 470 1498 δὲ
506 1441 723 1516 παρωκεανῖτιν
754 1433 939 1514 κατέχουσιν
964 1433 1037 1514 ὑπὲρ
1062 1432 1116 1511 μὲν
1139 1433 1209 1506 τοὺς
1231 1432 1422 1513 Βρουκτὲρους

295 1549 321 1612 οἱ
344 1547 454 1629 Φρίσιοι
478 1547 571 1629 μέχρι
597 1553 648 1612 τοῦ
673 1547 813 1626 Ἀμισίου
839 1550 990 1625 ποταμοῦ,
1016 1546 1098 1624 μετα
1118 1547 1151 1610 δὲ
1168 1545 1290 1619 τούτους
1302 1550 1421 1624 Καῦχοι

295 1663 321 1727 οἱ
350 1661 447 1742 μικροί
484 1660 578 1742 μεχρί
602 1667 653 1726 τοῦ
679 1660 872 1742 Οῦισοῦργιος
896 1665 1047 1738 ποταμοῦ·
1072 1656 1140 1724 εἶτα
1164 1665 1283 1738 Καῦχοι
1306 1660 1332 1723 οἱ
1355 1658 1422 1738 μεί-

295 1775 363 1856 ζους
386 1775 481 1856 μέχρι
505 1779 556 1839 τοῦ
581 1774 714 1855 ’Ἃλβιος
739 1781 880 1854 ποταμοῦ
904 1796 930 1841 e.
945 1798 974 1860 q.
987 1797 1011 1840 s,

339 1893 408 1953 Τῶν
442 1890 474 1953 δὲ
510 1889 590 1963 ἐντος
620 1889 672 1954 καί
705 1890 865 1969 μεσογείων
897 1892 978 1955 ε’ίνιῦν
1002 1889 1139 1969 μέγιστα
1164 1889 1220 1967 μέν
1243 1891 1305 1953 ε’στι
1330 1887 1366 1952 το’
1388 1913 1422 1952 τε

295 2009 352 2069 τῶν
375 2005 503 2083 Συήβων
527 2009 583 2068 τῶν
607 2006 780 2083 Ἀγγειλῦν
904 2005 1110 2078 ἀνατείνοντες
1134 2005 1206 2086 πρὸς
1227 2004 1284 2076 τοὶς
1297 2002 1423 2084 ἄρκτους

297 2117 388 2198 μέχρι
412 2123 468 2183 τῶν
491 2118 588 2197 μέσων
613 2123 664 2183 τοῦ
688 2117 824 2198 ’Άλβιος
848 2125 998 2197 ποταμοῦ,
1022 2118 1075 2184 καί
1096 2120 1129 2186 τὸ
1149 2123 1206 2183 τῶν
1227 2118 1353 2196 Συνίβων
1366 2121 1422 2180 τῶν

295 2231 457 2311 Σεμνίνων,
492 2229 594 2306 οἵτινες
624 2233 752 2307 διήκουσι
786 2234 868 2312 μετα
896 2235 945 2298 τὸν
968 2232 1088 2310 ’Ἃλβιν
1111 2233 1174 2297 οίπὸ
1198 2237 1251 2298 τοῦ
1274 2230 1422 2313 εἰρημένου

296 2345 400 2427 με’ρους
425 2347 495 2427 πρὸς
518 2345 672 2420 ἀνατολὰς
695 2345 787 2428 μέχρι
812 2352 863 2412 τοῦ
891 2348 1013 2426 Συήβου
1038 2351 1180 2426 ποταμοῦ
1204 2367 1230 2412 e.
1244 2369 1273 2431 q.
1286 2367 1310 2412 s.

340 2459 510 2526 Ἐλοίσσονα
544 2460 575 2524 δὲ
610 2459 672 2534 ἔίνν
704 2459 827 2538 μεταξὺ
859 2468 973 2526 κεῖνται
999 2460 1129 2540 Καῦχων
1153 2461 1207 2538 μὲν
1231 2463 1288 2525 τῶν
1313 2463 1423 2541 μικρῶν

279 2574 345 2640 Δκαί
370 2577 427 2639 τῶν
450 2575 576 2652 Συήβων
598 2572 766 2655 Βρούκτεροι
792 2575 817 2639 οἱ
840 2573 972 2656 μείζους,
998 2575 1054 2655 ὑφ’
1081 2570 1129 2648 οῦς
1154 2581 1293 2653 Χαῑμαι.
1310 2625 1317 2640 .
1333 2623 1362 2640 ..

340 2692 439 2752 Ποίλιν
471 2688 529 2752 ὑπὸ
554 2687 609 2766 μὲν
632 2687 702 2760 τοὺς
725 2686 875 2766 Σέμνονας
899 2688 1003 2752 οἰκοῦσι
1027 2686 1180 2765 Σιλίνγαι
1310 2687 1367 2750 ὑπὸ
1391 2686 1423 2750 δὲ

295 2801 365 2874 τοῦς
398 2799 553 2880 Σιλίγνας
586 2799 774 2874 Καλοῦιιωνες
805 2802 857 2882 ἐφ’
883 2800 1010 2881 ἑκάτερα
1035 2805 1087 2864 τοῦ
1110 2799 1247 2879 ’Άλβιος
1271 2803 1422 2878 ποταμοῦ,

298 2916 343 2996 ὑφ
367 2911 416 2988 οὓς
439 2915 615 2995 Χαιρουσιιοί
638 2921 690 2978 ναι
711 2914 851 2992 Καμαυοί
875 2914 967 2996 μεχρί
989 2919 1041 2979 τοῦ
1062 2912 1242 2993 Μνλιβὸκου
1255 2913 1334 2996 ὅρους
1347 2965 1354 2980 .
1369 2962 1377 2978 .
1393 2964 1422 2980 ..

297 3028 355 3092 ὑπὸ
379 3027 411 3092 δὲ
434 3027 503 3102 τοὺς
526 3027 688 3105 Καμαυοὺς
711 3025 832 3092 Χοίτται
856 3027 907 3092 καί
931 3026 1114 3106 Τούβαντοι.

340 3142 517 3206 Ptolemaei
552 3141 779 3225 Geographiois
815 3143 885 3206 sine
920 3160 1047 3206 summa
1083 3143 1232 3206 cautione
1265 3143 1422 3207 utendum

296 3277 361 3320 non
396 3276 467 3321 esse
500 3257 585 3321 inter
619 3275 730 3320 omnes
763 3257 830 3338 jem
865 3261 999 3338 constat,
1033 3257 1143 3340 itaque
1177 3256 1316 3321 libenter
1347 3277 1422 3322 oum

296 3369 461 3435 Scnnmno
486 3369 567 3433 facio
591 3369 818 3433 contendenti:
846 3370 943 3450 „jetzt
968 3369 1073 3434 diirlte
1098 3389 1173 3433 man
1198 3369 1339 3435 dieselbe
1361 3371 1425 3436 fast

297 3484 466 3567 allgemein
502 3503 565 3547 nur
595 3483 642 3546 als
673 3483 744 3546 eine
768 3481 949 3546 sokundttre
973 3480 1087 3558 Quelle
1110 3483 1262 3566 ansehen,
1285 3483 1337 3548 die
1360 3503 1426 3548 nur

297 3617 356 3661 zur
389 3597 603 3680 Restatigung
638 3597 773 3660 anderer
797 3595 1013 3660 Neohriohten
1037 3598 1294 3661 heranzuziehen
1315 3597 1380 3661 ist’‘
1397 3604 1426 3678 ιρ.

300 3713 449 3775 Attamen
484 3711 580 3774 etiam
616 3709 676 3774 sub
699 3709 882 3774 falsissimis
906 3710 1070 3773 interdum
1096 3729 1209 3774 verum
1235 3710 1330 3790 latet;
1354 3715 1425 3775 tum

298 3824 384 3888 unde
407 3823 489 3887 falsa
511 3823 621 3906 aliqua
645 3824 752 3907 opinio
776 3824 809 3886 in
834 3822 1009 3887 Ptolemaei
1033 3825 1084 3887 vel
1109 3822 1226 3887 Marini
1244 3823 1342 3906 Tyrii,
1354 3827 1426 3908 ejus

294 3938 402 4018 fontis,
426 3956 507 4020 opus
531 3939 704 4020 irrepserit,
726 3937 893 4000 nonnullis
917 3938 995 4000 locis
1017 3937 1160 4002 indicare
1173 3943 1350 4022 potuerunt
1363 3941 1426 4003 viri

294 4052 388 4114 docti.
412 4049 579 4114 Graduum
602 4050 887 4133 geographioorum
914 4070 943 4132 q.
969 4050 997 4113 d.
1023 4052 1179 4114 rationem
1205 4071 1272 4114 non
1293 4051 1425 4117 habebi·

327 4344 531 4406 1)Geschiehte
558 4344 605 4393 der
630 4344 778 4394 deutschen
804 4342 921 4394 Stimme
948 4345 976 4394 in
1006 4344 1131 4396 Srnnnms
1151 4346 1265 4406 Quellen
1285 4348 1339 4397 und
1360 4347 1426 4398 For-

294 4436 433 4500 sehungen
450 4435 473 4497 7,
500 4450 524 4498 p.
542 4432 574 4483 10
591 4436 625 4484 el.
646 4434 741 4484 llistor.
760 4434 991 4498 Vierteljnhrselrr.
1009 4435 1025 4485 3
1043 4437 1107 4502 (Zur
1126 4436 1275 4488 Germania
1293 4439 1340 4489 des
1362 4439 1425 4490 Pto-

296 4528 425 4592 lemaeus)
446 4541 472 4590 p.
490 4523 522 4576 79
543 4539 600 4589 sqq.
