3240 5304
842 557 884 622 18

297 745 469 830 habitasse,
505 766 588 831 quae
623 748 731 831 opinio
765 749 881 812 nititur
914 766 981 810 uno
1016 752 1142 814 tantum
1180 748 1249 811 loco
1274 745 1422 810 Ganooan

298 861 501 945 honorarem,
524 861 581 925 nbi
604 860 626 925 J
629 862 737 925 uliano
760 863 964 945 imperitante
985 863 1024 927 de
1044 864 1132 946 ripae
1155 863 1311 947 proximis
1323 861 1423 925 Bruc-

297 978 375 1041 teris
406 977 544 1060 legimus
558 973 594 1062 ¹).
619 974 759 1040 Omnino
783 996 847 1040 non
873 976 1043 1060 distinguit
1067 996 1095 1040 v.
1119 977 1149 1040 d.
1173 978 1257 1040 inter
1280 977 1422 1040 anterius

297 1091 527 1156 Bructerorum
551 1092 728 1156 dominium
755 1097 830 1155 ante
843 1089 1077 1156 Chamavorum
1090 1093 1423 1175 Angrivariorumque

296 1207 565 1290 immigrationem
600 1211 632 1270 et
666 1207 837 1287 recentius,
871 1211 1042 1289 postquam
1081 1225 1165 1270 anno
1201 1207 1242 1268 98
1277 1226 1305 1289 p.
1338 1203 1370 1268 C.
1392 1225 1422 1266 n.

298 1321 461 1385 meridiem
498 1338 611 1384 versus
646 1318 732 1402 pulsi
767 1323 857 1382 erant
892 1318 1049 1393 Bructeri.
1084 1318 1245 1403 Equidem
1270 1338 1287 1382 e
1310 1318 1421 1382 locoa

297 1432 476 1499 Ledebnrio
511 1432 605 1497 allato
640 1452 704 1496 non
740 1434 832 1516 sequi
857 1437 943 1515 puto,
966 1431 1047 1496 fines
1072 1432 1232 1517 quomodo
1257 1450 1291 1496 se
1315 1433 1420 1514 priore

298 1553 401 1612 aetate
443 1547 631 1626 habuerint;
676 1548 828 1632 quoniam
861 1553 969 1610 autem
1005 1547 1151 1610 civitates
1187 1544 1419 1611 Germanorum

298 1662 489 1726 solitudines
524 1663 645 1726 circum
682 1679 716 1725 se
752 1659 903 1724 habuisse
938 1661 1088 1724 novimus
1103 1666 1125 1739 ²)
1160 1665 1191 1724 et
1225 1659 1421 1725 ancinaea

297 1774 462 1840 Bructeris
485 1775 632 1840 redeunti
657 1781 766 1838 vastae
788 1773 922 1858 paludes
946 1775 1146 1858 superandae
1170 1779 1261 1838 erant
1274 1779 1306 1855 ⁸),
1318 1790 1423 1855 usque

298 1889 337 1952 ad
372 1890 429 1954 has
463 1889 597 1972 paludes
632 1889 723 1952 sedes
746 1888 889 1952 tenuisse
914 1886 1087 1952 Bructeros
1111 1888 1283 1952 admodum
1307 1885 1420 1970 proba·

298 2001 361 2067 bile
392 2007 455 2081 est;
488 2008 520 2067 et
542 2001 617 2066 licet
638 2003 854 2065 incertissima
878 2001 943 2065 sint
966 2002 1083 2083 omnia,
1107 2021 1189 2085 quae
1213 2001 1251 2066 de
1275 2003 1418 2084 ipsorum

297 2118 445 2200 pontium
469 2115 638 2199 longorum
663 2116 733 2178 looo
755 2116 935 2198 repperisse
958 2133 993 2179 se
1016 2114 1172 2198 putabant
1191 2114 1339 2178 nonnulli
1359 2114 1420 2177 viri

298 2231 392 2312 docti,
424 2237 529 2294 tamen
561 2227 715 2294 Caecinae
737 2229 872 2314 paludes
896 2229 968 2292 illas
990 2228 1100 2310 fuisse,
1124 2247 1207 2312 quae
1229 2231 1324 2293 etiam
1348 2233 1421 2311 post

298 2344 425 2409 saecula
448 2344 583 2428 patriam
604 2347 746 2407 nostram
766 2362 785 2406 a
806 2342 978 2407 Germania
989 2341 1191 2425 separabant,
1203 2360 1323 2423 omnes,
1336 2340 1422 2424 quod

297 2461 374 2540 scio,
398 2458 612 2523 consentiunt.
636 2458 787 2520 Attamen
813 2476 887 2520 cum
911 2455 1006 2520 llrisii
1029 2457 1110 2520 citra
1129 2456 1287 2519 Amisiam
1300 2454 1421 2518 habita-

297 2576 369 2638 rent
392 2572 477 2652 (vide
500 2575 608 2656 supra)
632 2575 663 2635 et
687 2569 816 2634 finitimi
840 2588 951 2634 eorum
976 2572 1009 2634 et
1028 2567 1181 2634 chamavi
1194 2572 1225 2634 et
1236 2569 1421 2652 Angrivarii

298 2690 407 2751 essent
439 2684 539 2748 Taciti
575 2689 686 2764 aetate,
721 2682 894 2748 Bructeros
925 2702 1055 2768 quoque
1086 2688 1179 2748 antea
1201 2702 1256 2767 per
1281 2684 1419 2766 spatium

298 2800 470 2864 admodum
494 2818 646 2882 magnum
671 2797 783 2862 Frisiis
806 2799 1006 2882 propinquos
1028 2798 1129 2862 fuisse
1153 2818 1218 2862 non
1242 2799 1336 2881 sequi
1355 2814 1420 2858 non

298 2918 418 2998 potest3
455 2931 528 2976 narn
564 2911 716 2975 Chamavi
752 2911 883 2994 quidem
915 2919 946 2976 et
969 2917 1043 2976 ante
1066 2919 1168 2977 terrae
1191 2911 1419 2975 Bructerorum

297 3027 536 3110 occupationem
574 3023 694 3088 Frisios
729 3026 884 3108 attingere
914 3031 1097 3108 potuerunt,
1127 3025 1313 3109 Angrivarii
1344 3043 1419 3088 vero

298 3141 516 3205 diversissimo
541 3121 728 3202 habitabant
751 3138 867 3215 10001).
888 3139 983 3204 Frisii
1002 3138 1107 3204 Rheni
1127 3139 1217 3203 lacus
1229 3137 1421 3220 ambiebant,

298 3257 461 3338 regionem
495 3254 593 3336 igitur
627 3251 779 3317 tenebant
815 3254 965 3335 majorem
998 3273 1095 3337 quam
1128 3253 1219 3317 littus
1249 3251 1340 3334 illud,
1363 3250 1419 3315 ubi

299 3388 414 3433 nomen
438 3386 549 3431 eorum
575 3368 671 3430 etiam
696 3368 730 3428 in
755 3364 898 3430 Bannnar
910 3365 1019 3431 tabula
1031 3367 1244 3450 geographica
1255 3367 1385 3449 ponitur
1397 3361 1421 3442 5)

298 3489 329 3548 et
352 3503 389 3548 eo
413 3481 507 3546 modo
531 3499 586 3564 per
610 3480 714 3562 majus
738 3499 868 3562 quoque
891 3481 1031 3563 spatium
1055 3479 1095 3543 ad
1119 3477 1298 3542 Chamavos
1321 3478 1419 3541 Bruc-

298 3605 447 3681 terosque
481 3593 691 3679 pertinebant,
719 3594 844 3657 etiamsi
868 3594 901 3656 hi
924 3613 1086 3679 nusquam
1109 3592 1190 3658 fines
1213 3598 1305 3658 extra
1329 3592 1419 3676 palu-

299 3713 355 3777 des
378 3709 601 3775 extenderunt.

305 3841 447 3850 ———

331 3894 359 3961 1)
376 3895 408 3958 11,
434 3909 456 3944 o.
482 3891 498 3942 9
524 3893 645 3958 (auctore
663 3891 777 3956 Sulpitio
796 3891 973 3956 Alexandro);
992 3891 1124 3955 quomodo
1142 3906 1157 3941 e
1175 3891 1235 3943 Tac.
1253 3891 1333 3954 hum,
1348 3891 1419 3956 Xlll,

298 3985 332 4036 54
351 4001 390 4050 sq.
416 3999 479 4035 cnm
505 3984 594 4035 Germ.
620 3982 653 4033 33
677 3983 771 4048 juncto
788 3983 860 4034 idam
877 3983 953 4047 sequi
971 3983 1133 4034 contendere
1153 3984 1235 4047 possit
1254 3985 1416 4063 Lqueuscur

297 4077 473 4142 (Fratulrische
493 4076 680 4140 Wandlungen
699 4075 754 4125 und
772 4075 990 4140 Ansiedeluugen
999 4074 1027 4125 in
1037 4074 1165 4126 zeitschr.
1174 4075 1222 4126 des
1230 4073 1417 4126 dach-Gesch.

299 4183 353 4219 ver.
372 4167 415 4231 lv,
432 4182 457 4230 p.
476 4166 546 4232 811),
565 4181 618 4217 non
636 4167 720 4217 video.

331 4260 360 4323 2)
378 4259 436 4311 llid.
453 4259 527 4311 Caes.
546 4257 573 4310 B.
591 4257 621 4309 G.
638 4258 682 4323 VI,
699 4256 740 4310 83.

331 4350 360 4417 3)
378 4352 439 4402 Tac.
456 4352 534 4415 hun..
552 4350 573 4414 1,
590 4347 631 4401 53.

333 4442 361 4509 t)
379 4442 438 4494 llid.
456 4443 569 4495 Barnea
587 4442 640 4506 l.l.,
657 4455 683 4505 p.
700 4439 750 4490 868
767 4455 806 4505 sq.

332 4533 362 4602 5)
380 4535 442 4587 Tab.
459 4534 505 4601 111,
523 4533 566 4600 lv,
582 4534 612 4584 V.
