3240 5304
547 1653 975 1736 PRAEFATIO.

668 1944 859 1951 ———.

244 2189 331 2249 Ante
361 2187 419 2250 hos
450 2187 533 2249 duos
565 2204 668 2248 annos
699 2185 780 2248 liber
811 2185 974 2248 doctrinae
997 2184 1113 2267 plenus
1137 2204 1155 2247 a
1178 2183 1325 2247 domurn

200 2298 317 2382 Hoors,
346 2301 380 2362 in
406 2301 616 2363 universitate
640 2297 926 2362 Oenone-Rursum
950 2297 1130 2381 professore
1153 2298 1324 2378 ordinario,

200 2415 401 2497 conscriptus
432 2415 464 2476 in
492 2415 597 2477 lucem
631 2413 758 2496 prodiit,
782 2413 835 2475 oui
858 2413 975 2476 titulus
999 2417 1063 2476 est:
1092 2410 1324 2492 „Waldbiiume

202 2528 268 2591 und
298 2527 567 2611 Kulturpllanzen
597 2529 640 2590 im
664 2527 906 2610 germanisohen
932 2524 1126 2607 Altertum’'‚
1147 2527 1181 2587 in
1206 2544 1270 2609 quo
1293 2529 1325 2588 et

199 2661 326 2706 summa
348 2642 507 2706 industria
529 2643 637 2704 omnia
660 2641 830 2723 congessit,
855 2658 937 2723 quae
961 2640 1001 2703 de
1024 2637 1193 2703 arboribus
1211 2627 1323 2702 fructi-

201 2755 262 2820 bus
288 2756 469 2837 frumentis‚
493 2754 611 2839 quibus
642 2756 768 2837 antiqui
793 2753 944 2818 Germani
969 2752 1151 2835 utebantur,
1175 2753 1324 2816 docerent

200 2871 356 2953 reliquiae
398 2871 512 2933 horum
551 2871 694 2952 ipsorum
734 2868 785 2930 hic
820 2867 887 2930 illic
921 2866 1054 2931 effossae
1090 2871 1121 2930 et
1155 2867 1323 2930 nominum

201 3003 310 3048 eorum
346 2985 380 3047 in
415 2984 536 3067 linguis
570 2983 762 3067 germanicis
797 2982 927 3063 formae,
962 2987 993 3046 et
1024 2981 1101 3065 quid
1134 3000 1176 3044 ex
1206 2979 1325 3043 talibus

201 3098 329 3161 indiciis
364 3097 403 3160 de
438 3102 523 3161 statu
555 3097 645 3161 cultu
677 3097 861 3160 conditione
884 3097 1000 3158 horum
1023 3095 1216 3178 populorum
1240 3093 1325 3158 effici

201 3216 317 3294 posset,
347 3215 488 3275 statuere
514 3215 728 3274 conatusest,
752 3208 824 3273 Jam
850 3209 971 3272 ultimis
995 3208 1093 3290 hujus
1115 3206 1188 3270 libri
1214 3205 1325 3290 capiti·

203 3322 263 3388 bus
298 3325 337 3388 de
367 3323 531 3388 vocabulis
562 3323 757 3407 quibusdam
780 3325 855 3407 agit,
879 3341 962 3406 quae
985 3323 1097 3406 lingua
1119 3322 1224 3405 prisca
1247 3319 1322 3384 Ger-

185 3438 327 3524 maniae
349 3436 510 3501 inferioris
534 3442 565 3501 et
584 3437 697 3520 lingua
717 3436 979 3520 Anglosaxonica
991 3435 1110 3499 habent
1122 3435 1322 3514 communia3

202 3569 284 3635 quae
317 3552 416 3615 altera
450 3551 562 3635 lingua
597 3550 637 3614 ab
669 3551 768 3615 altera
800 3556 966 3614 mutuasse
997 3548 1152 3631 debuerit,
1175 3553 1326 3612 mutuare

201 3669 307 3728 tamen
331 3670 458 3748 propter
482 3683 595 3728 causas
618 3665 652 3726 in
676 3666 746 3748 ipsa
769 3682 880 3728 earum
903 3663 1012 3727 indole
1037 3665 1157 3746 positas
1180 3682 1246 3726 non
1270 3681 1325 3746 po-

202 3779 299 3842 tuerit
321 3783 394 3861 post
416 3776 618 3840 Britanniam
643 3775 682 3840 ab
704 3775 989 3860 Anglosaxonibus
1009 3781 1206 3859 occupatam,
1218 3792 1326 3859 neque

201 3893 340 3975 potuerit
369 3897 498 3976 propter
521 3910 572 3955 res
595 3892 692 3975 ipsas,
717 3910 800 3975 quae
824 3888 991 3954 vocabulis
1016 3891 1065 3954 his
1088 3889 1325 3975 indicabantur,

202 4024 239 4070 eo
273 4011 424 4089 tempore,
460 4025 524 4090 quo
560 4006 652 4070 sedes
689 4006 839 4088 antiquas
872 4005 905 4067 bi
936 4004 1131 4069 habitabant.
1155 4003 1326 4069 Concludit

201 4121 277 4184 inde
308 4127 456 4190 mutuare
479 4138 532 4184 eas
557 4120 634 4183 baec
660 4118 817 4182 vocabula
842 4117 992 4183 debuisse
1015 4137 1052 4182 eo
1076 4125 1228 4202 tempore,
1251 4139 1324 4183 cum

203 4235 335 4317 patriam
372 4233 502 4317 quidem
534 4232 742 4296 deseruerant
772 4231 1029 4315 Anglosaxones,
1052 4234 1085 4295 in
1111 4251 1211 4296 novas
1234 4233 1326 4298 sedes

203 4353 309 4412 tamen
333 4347 477 4409 nondum
502 4345 707 4410 advenerant.
732 4344 900 4410 Vocabula
922 4345 986 4427 illa,
1009 4365 1028 4408 a
1051 4363 1183 4429 quoquo
1207 4345 1326 4429 populo

202 4462 342 4546 primum
367 4461 433 4524 sint
455 4459 605 4546 profecta,
628 4460 740 4524 saltem
764 4458 905 4544 profecta
927 4477 998 4524 esse
1022 4458 1172 4523 debuisse
1195 4477 1237 4523 ex
1254 4459 1326 4522 loco

526 4584 527 4587 ’
1209 4571 1224 4627 1
