3240 5304
711 547 753 608 45

157 734 346 814 conjectura
376 753 435 817 pro
468 733 613 810 σελβινον)
645 731 827 811 unneu'perou
849 738 949 809 anina
973 731 1056 795 uarie
1080 731 1133 804 τὴν
1157 737 1213 804 τῆς
1235 728 1293 795 ἃλ-

160 845 290 925 μυρίδος
314 845 468 934 deitassui
493 845 623 924 andana
648 870 682 910 πε
705 846 758 910 uui
783 844 921 920 zetina,
946 843 1007 918 idua
1031 843 1176 918 Κελτικά,
1190 843 1293 908 iurei-

160 983 283 1039 peerrou,
314 959 478 1040 ληἰζόμενοι
504 961 573 1034 ποὺς
596 961 742 1041 ἐμπόρους
765 960 818 1025 nai
843 965 900 1025 τῶν
925 961 1038 1041 χωρίων
1058 961 1228 1040 πορθοῦντες
1251 961 1293 1024 rie

159 1072 382 1137 imitatricem.
410 1074 489 1139 Cum
515 1077 602 1140 hisce
626 1083 854 1159 comparentur
877 1078 936 1139 tria
961 1096 1044 1159 qnae
1067 1077 1170 1159 ipsine
1190 1075 1292 1138 Maxi·

161 1189 265 1248 miani
289 1195 462 1251 narrantur
484 1190 647 1272 praeclara
670 1189 811 1253 facinora
834 1210 852 1252 a
873 1188 1068 1252 Mannanso.
1094 1187 1183 1264 Quae
1204 1188 1292 1252 brevi

161 1303 355 1383 compendio
379 1304 430 1364 hie
455 1311 648 1387 sequuntur.

214 1411 291 1477 Cum
322 1434 428 1479 omnes
451 1415 616 1479 barbariae
638 1417 780 1480 nationes
801 1417 956 1480 excidium
979 1418 1145 1480 universae
1170 1413 1295 1480 Galliac

162 1529 368 1592 minarentur
405 1548 504 1613 neque
539 1530 638 1593 setam
675 1529 923 1612 Burpundiones
956 1536 986 1594 et
1021 1529 1206 1610 Alamanni,
1242 1529 1295 1592 sed

162 1642 261 1704 etium
298 1641 468 1706 Oteibones
502 1643 667 1728 Brutique,
703 1644 824 1708 viribus
855 1645 954 1724 primi
983 1642 1295 1724 beataemariae

164 1755 280 1837 ultimi,
311 1757 480 1840 praecipiti
512 1759 628 1836 impetu
663 1758 698 1820 in
732 1756 791 1821 iras
816 1757 998 1840 provincias
1022 1759 1201 1838 irruissent,

166 1868 348 1933 Giaibonas
382 1869 558 1955 Erulosque
588 1890 652 1934 uno
675 1872 791 1951 impetu
812 1871 974 1951 perculisti
996 1873 1046 1951 (ad
1070 1872 1293 1954 imperatorem

166 1983 401 2047 Maximianum
428 1986 505 2048 haec
528 1985 612 2048 dicta
635 1988 723 2063 sunt)
737 1983 767 2064 ¹).

217 2095 308 2201 Qupd
340 2103 445 2161 autem
479 2098 582 2178 areius
604 2099 728 2161 euenire
747 2098 848 2181 potuit
871 2097 928 2161 illo
952 2103 1007 2161 tua
1031 2099 1064 2160 in
1090 2097 1294 2161 Germaniam

168 2212 444 2294 transprcssionc?
467 2233 531 2296 qua
553 2217 588 2276 tu
609 2214 732 2291 primus
755 2214 894 2276 omnium
913 2213 1137 2292 imperatorum
1154 2211 1297 2292 probasti

167 2323 308 2388 Romani
329 2325 454 2409 imperii
476 2325 600 2388 nullum
624 2345 688 2388 esse
711 2326 889 2407 terminum,
912 2326 975 2388 nisi
998 2325 1053 2409 qui
1075 2330 1200 2388 tuorum
1219 2330 1297 2388 esset

168 2459 339 2502 armorum.
374 2439 477 2525 Atqui
512 2439 657 2503 Rhenum
691 2445 787 2504 antea
816 2439 980 2504 ridebatur
1009 2440 1081 2518 ipsa
1110 2440 1155 2502 sic
1176 2443 1296 2502 notura

169 2553 306 2634 duruisse,
331 2560 366 2616 ut
388 2574 422 2617 eo
446 2553 543 2617 limite
566 2553 729 2618 Romanae
748 2553 928 2637 provinciae
950 2553 989 2616 ab
1014 2553 1207 2617 immanitate
1225 2552 1296 2616 bur·

168 2665 278 2730 bariae
311 2666 570 2730 vindicarentur.
585 2717 592 2730 .
606 2717 633 2731 ..
665 2668 716 2732 Tu
738 2672 849 2749 antem,
874 2667 1043 2751 imperator
1065 2667 1183 2749 inuicte,
1206 2667 1297 2751 seras

168 2779 244 2842 illas
276 2780 506 2864 indomitusque
538 2786 644 2862 pentes
679 2781 852 2845 vastatione
884 2780 1012 2865 procliis
1041 2779 1186 2844 caedibus
1209 2779 1298 2862 ferro

169 2894 295 2978 ipnique
328 2894 476 2958 domuisti
488 2943 494 2957 .
508 2943 514 2956 .
528 2943 554 2957 ..
590 2893 676 2958 Licet
708 2894 839 2958 Rhenus
869 2899 1009 2958 arescat.
1024 2942 1030 2957 .
1044 2942 1071 2956 ..
1095 2893 1203 2956 nultus
1225 2893 1298 2958 inde

173 3015 271 3072 metas
292 3013 344 3072 est.
371 3008 527 3092 Quicquid
549 3008 633 3072 ultro
656 3007 802 3072 Rhenum
824 3008 988 3092 prospicio,
1008 3005 1187 3070 minanam
1206 3003 1296 3084 esr2).

308 3143 377 3186 cram
407 3142 468 3205 per
500 3127 529 3186 tc
563 3142 694 3206 repnum
730 3122 878 3202 receperit
913 3119 1137 3185 Gennobondes
1166 3141 1188 3183 a
1210 3123 1298 3200 teque

171 3237 312 3300 cominus
346 3237 507 3316 occeperit.
534 3235 617 3314 Quid
639 3236 722 3300 enim
745 3236 797 3300 itte
818 3235 909 3300 eliud
926 3234 1069 3318 expetivit
1091 3234 1135 3297 od
1156 3253 1297 3312 conspec-

172 3355 238 3412 tum
263 3356 352 3413 tunm
375 3370 444 3413 eum
467 3350 551 3413 omni
572 3370 632 3415 sua
653 3357 743 3432 pente
765 3350 923 3432 ueniendo,
946 3349 1012 3412 nisi
1029 3353 1065 3410 ut
1083 3353 1160 3411 tunc
1175 3347 1297 3411 demum

174 3461 296 3545 intepra
318 3463 504 3527 auctoritate
527 3438 682 3547 repnoret,
706 3484 775 3528 eum
799 3469 836 3545 te,
855 3463 1065 3543 Memmiana,
1082 3461 1261 3542 placasset?
1275 3458 1297 3540 ³)

175 3573 253 3650 Quis
277 3576 373 3640 fuerit
398 3576 634 3641 Gonnoboudes
659 3595 699 3640 ex
724 3577 868 3660 ejusdem
891 3576 1069 3640 Mannnnnn
1090 3575 1298 3640 Genethliaoo

174 3697 312 3774 apparet,
344 3690 400 3754 ubi
423 3692 563 3774 legimus
577 3689 617 3770 4);
643 3695 724 3755 taceo
745 3690 897 3772 trophaeo
922 3689 1114 3756 Germanica
1137 3691 1172 3753 in
1196 3689 1299 3753 media

174 3802 280 3885 mfiaa
303 3802 453 3868 barbarie
475 3805 547 3883 (hoc
570 3804 610 3868 ad
635 3805 813 3868 secundnm
838 3824 934 3888 quom
948 3804 1179 3887 descripsimus
1192 3803 1298 3866 locum

209 4050 237 4115 1)
255 4052 351 4116 Paneg.
369 4051 531 4101 Maximiano
550 4051 671 4116 Augusto
689 4051 734 4116 (=
743 4051 807 4101 Pan.
825 4051 860 4115 11)
876 4048 1298 4115 5;ann0289habitaestoratio.

208 4141 236 4205 2)
254 4141 319 4193 lbid.
337 4141 360 4192 7.
378 4143 416 4192 De
434 4141 602 4206 expeditione
619 4142 778 4193 Germanica
796 4143 951 4192 conferatur
969 4142 1066 4205 Paneg.
1084 4141 1194 4191 Man-et
1210 4139 1300 4190 Const,

174 4233 274 4298 (=V1)
301 4234 330 4282 8:
350 4234 414 4284 »Hic
429 4233 632 4298 (Maximianus)
649 4235 769 4284 Romana
790 4238 865 4285 trans
882 4235 1008 4284 Rhenum
1027 4232 1101 4298 signa
1120 4233 1223 4296 primus
1238 4233 1300 4282 bar·

176 4324 246 4374 baris
264 4324 390 4388 gentibus
406 4324 524 4376 intulit''.

207 4415 236 4480 3)
253 4415 319 4467 lbid.
335 4415 376 4467 10.
621 4453 624 4456 -

210 4507 238 4574 Ι)
257 4508 320 4558 Pan.
339 4509 383 4574 ΙΙΙ,
401 4507 426 4574 5,
443 4508 552 4558 habitus
571 4523 641 4558 anno
659 4506 717 4560 291.
