3240 5304
705 561 747 628 47

204 747 351 814 Ceterum
385 749 573 830 notandum,
598 751 686 814 hisce
710 750 908 835 temporibus
932 759 964 816 et
988 753 1161 836 primarum
1183 751 1288 819 Heru-

153 863 260 926 lorum
291 864 516 926 incursionum
552 865 744 928 mentionem
769 863 839 928 fieri
863 873 894 928 et
916 865 1084 930 Saxonum
1105 865 1189 930 bella
1208 869 1287 930 inci·

155 995 231 1060 pere
254 978 397 1060 piratica,
422 997 486 1061 qua
510 979 543 1039 in
567 997 611 1056 re,
634 986 670 1040 ut
690 980 722 1041 in
744 979 816 1042 aliis
831 979 950 1060 multis,
964 978 1166 1044 Chaucorum
1179 987 1287 1064 partes

156 1109 250 1172 agere
274 1089 420 1154 Saxones
440 1097 623 1174 coeperunt.
646 1091 687 1154 Hi
701 1091 785 1156 inira
799 1093 895 1176 paulo
908 1096 1091 1158 accuratius
1103 1095 1285 1158 tractabun-

155 1209 226 1282 tur;
251 1204 312 1267 hoc
335 1203 405 1268 loco
428 1210 477 1268 sat
500 1205 559 1268 erit
580 1204 862 1284 ohservare,trans
875 1205 1023 1270 Rhenum
1038 1207 1222 1271 inferiorem
1236 1226 1287 1272 res

155 1316 301 1380 turbatas
336 1317 438 1382 fuisse
470 1318 545 1381 inde
577 1317 785 1398 aGallien03
810 1321 957 1402 gentium
982 1321 1048 1384 illic
1073 1319 1285 1384 habitantium

156 1437 272 1512 motus,
297 1451 434 1514 quorum
462 1452 543 1515 vaga
567 1433 792 1496 tantummodo
817 1435 933 1496 nuntia
957 1434 997 1497 ad
1022 1453 1081 1498 nos
1106 1453 1288 1516 pervenere,

154 1564 253 1608 causa
276 1563 347 1609 esse
371 1553 555 1628 potueruut,
584 1556 619 1609 ut
643 1545 783 1610 Francos
808 1567 940 1630 quoque
966 1548 1141 1612 necessitas
1153 1547 1288 1630 adigerit

156 1660 291 1741 patriam
328 1659 422 1722 aliam
459 1678 621 1742 quaerere.
659 1658 886 1736 Quaestionem
925 1661 1064 1744 quidem,
1089 1661 1146 1744 qui
1169 1661 1288 1724 luerint

157 1774 257 1855 prisci
292 1773 341 1835 illi
374 1771 489 1836 Franci
528 1774 630 1837 multo
654 1774 778 1858 diuque
797 1776 947 1857 jactatam
973 1781 1008 1838 ut
1031 1775 1071 1838 ad
1095 1774 1191 1838 finem
1217 1794 1286 1858 per·

156 1886 317 1950 ducamus
352 1905 447 1949 nemo
479 1907 498 1949 a
522 1887 616 1951 nobis
641 1888 826 1970 expectabit
839 1891 878 1968 ης
905 1890 965 1951 hoc
989 1895 1094 1952 tamen
1120 1888 1288 1971 perhibere

156 1998 265 2079 velim,
289 1999 411 2061 nullam
434 2017 504 2064 esse
529 2019 606 2080 rem,
631 2019 714 2082 qnae
737 2020 797 2064 nos
821 2001 1001 2083 compellat,
1027 2007 1063 2064 ut
1088 1999 1194 2065 verbis
1207 1999 1286 2064 diffi-

156 2113 274 2176 damus
297 2112 428 2177 tabulae
455 2113 731 2196 Pcutingerianae‚
756 2114 810 2177 ubi
835 2117 991 2199 scriptum
1014 2115 1170 2178 vidimus:
1187 2113 1286 2196 „Cha-

157 2227 246 2288 mavi
270 2229 326 2309 qui
350 2233 381 2290 et
405 2225 551 2290 Franci’'.
579 2226 671 2291 Unde
696 2248 811 2292 nomen
835 2231 939 2312 ipsum
955 2228 1150 2292 Francorum
1166 2230 1288 2292 venerit

155 2359 254 2403 nemo
277 2341 384 2420 novit;
411 2341 469 2404 scd
494 2343 608 2425 quiqui
631 2348 725 2406 antea
749 2362 786 2406 eo
808 2344 938 2406 nomine
951 2341 1210 2424 designabantur,
1223 2342 1287 2420 illo,

156 2453 200 2517 de
235 2473 299 2536 quo
336 2473 425 2518 nunc
461 2456 598 2538 agimus
633 2462 776 2538 tempore
811 2464 880 2519 tum
917 2456 1045 2520 demum
1072 2457 1181 2518 omnia
1203 2462 1289 2518 recte

157 2567 345 2650 procedunt,
368 2569 395 2633 si
420 2567 574 2632 Chamavi
598 2571 667 2633 sive
690 2570 752 2652 ipsi
777 2569 891 2632 Franci
915 2571 984 2634 sive
1003 2589 1076 2652 pars
1089 2568 1286 2632 Francorum

158 2681 290 2744 fuerint.
316 2681 383 2746 Uni
406 2681 559 2746 Chamavi
583 2683 743 2765 eJ'nsmodi
767 2690 856 2748 trans
879 2682 1029 2747 Rhenum
1054 2683 1238 2764 locosedes,
1252 2691 1287 2747 ut

159 2795 310 2876 vidimus,
334 2794 484 2877 habuere,
508 2800 543 2859 ut
567 2799 595 2860 si
616 2796 756 2876 aliunde,
769 2797 837 2860 sive
849 2815 891 2860 ex
904 2797 1036 2876 criente,
1049 2798 1118 2859 sive
1131 2815 1148 2860 e
1162 2801 1286 2879 septen·

156 2908 319 2973 trionibus
330 2909 370 2973 ab
383 2909 455 2973 aliis
465 2909 619 2992 gentibus
632 2911 910 2994 propulsarentur,
922 2910 1012 2974 nulla
1024 2910 1087 2974 alia
1098 2912 1139 2974 iis
1152 2915 1288 2974 restaret

158 3023 221 3103 via,
243 3023 308 3088 nisi
331 3029 388 3087 ant
409 3024 443 3086 in
457 3022 605 3106 Galliam,
617 3030 674 3088 aut
686 3026 719 3087 in
733 3024 874 3088 insulam
888 3023 1093 3088 Batavorum.
1108 3023 1178 3087 Hoc
1191 3024 1286 3087 modo

156 3138 257 3219 igitur
270 3155 335 3200 rem
350 3137 504 3221 explicari
516 3157 610 3221 posse
623 3146 709 3222 puto.
721 3138 836 3202 Terrae
849 3136 1083 3202 Chamavorum
1094 3141 1201 3221 (quam
1216 3143 1287 3220 post

159 3250 200 3313 98
236 3251 485 3334 occupaverant)
517 3271 590 3334 pars
622 3251 883 3334 septentrionalis
915 3251 954 3314 ab
979 3251 1051 3314 aliis
1076 3250 1288 3315 infestabatur

158 3364 295 3446 populis,
317 3363 453 3428 fortasse
475 3385 494 3427 a
517 3361 748 3446 Saxonibush,
771 3370 841 3428 tum
865 3365 998 3428 eandem
1019 3365 1102 3427 viam
1122 3382 1159 3426 ac
1172 3362 1286 3426 Heruli

158 3479 304 3562 aliaeque
335 3477 525 3543 Germaniae
555 3498 688 3562 magnae
711 3485 824 3562 gentes
848 3480 1000 3561 inierunt,
1024 3483 1112 3542 trans
1135 3476 1284 3541 Rhenum

159 3593 192 3656 in
227 3593 412 3677 provincias
447 3591 610 3658 Romanas
634 3595 853 3658 incursionem
878 3592 1032 3656 fecerunt.
1055 3591 1150 3656 Unde
1174 3590 1286 3673 dejecti

159 3706 298 3770 aliorsus
333 3725 367 3770 se
403 3711 573 3789 verterant,
609 3709 643 3770 in
673 3708 813 3771 insulam
838 3705 1045 3785 Batavorum,
1064 3710 1158 3769 antea
1181 3725 1199 3768 a
1222 3703 1285 3768 Ro·

159 3822 263 3884 manis
295 3819 482 3902 subjectam,
517 3819 632 3884 Batavi
668 3821 731 3904 ipsi
766 3827 875 3885 utrum
911 3821 943 3881 vi
979 3818 1103 3883 subacti
1134 3819 1210 3900 sint,
1244 3837 1285 3881 au

158 3939 273 4016 sponte
286 3930 522 3997 Chamavorum
535 3935 555 3997 i.
569 3953 594 3997 e.
607 3932 806 3997 Francorum
819 3952 894 4016 pars
906 3932 980 3996 iacti
993 3933 1067 4014 sint,
1080 3932 1161 3995 nihil
1174 3929 1285 4010 refert,

158 4044 311 4110 Chamavi
336 4064 412 4110 vero
436 4065 525 4110 nunc
548 4066 605 4131 per
628 4049 729 4111 maria
753 4065 884 4132 quoque
903 4046 1033 4111 fortuna
1055 4047 1102 4109 uti
1122 4049 1283 4129 poterant3

188 4253 218 4320 1)
236 4255 375 4319 ductores,
392 4255 440 4320 qui
457 4257 507 4306 hac
525 4256 558 4306 de
577 4271 607 4306 re
624 4257 765 4318 adeantur,
781 4258 901 4310 citantur
919 4273 934 4309 a
950 4257 1080 4308 Bnnrrnno
1093 4253 1285 4322 1.1.p.errsq.;

155 4349 205 4399 hoc
232 4364 319 4399 unum
344 4349 435 4399 dicere
459 4363 568 4413 possum
586 4350 769 4401 necessarium
787 4351 854 4401 mihi
873 4365 926 4402 non
944 4349 1070 4402 viderint
1085 4349 1141 4414 jam
1159 4347 1192 4400 ab
1209 4349 1286 4400 initio

156 4441 250 4506 plures
267 4441 386 4492 diversas
404 4440 528 4493 nationes
546 4442 689 4494 Francicus
706 4442 789 4494 luisse
807 4457 946 4494 sumamus
964 4441 1029 4508 (vid.
1047 4442 1211 4494 Laurancrrr
1228 4439 1286 4506 l.1.).

193 4531 305 4599 navim
322 4534 402 4587 infra.
