3240 5304
414 1381 835 1458 OONSPEOTUS
885 1383 1081 1458 LIBRI.

1208 1845 1255 1896 1³23.

187 1913 344 1964 Pnnnmno
391 1948 1147 1963 ................
1234 1910 1248 1960 1

186 2029 285 2080 cml.
332 2029 378 2078 De
411 2029 593 2094 gentibus
626 2030 789 2092 patriam
822 2033 989 2080 nostram
1016 2029 1151 2092 primis

326 2125 409 2183 post
448 2120 643 2172 Christum
685 2125 809 2171 natum
845 2120 1017 2171 saeculis
1052 2120 1150 2170 inco-

325 2212 502 2263 lentibus
542 2249 1147 2263 .............
1208 2209 1309 2262 3-111

324 2303 337 2367 5
355 2302 379 2352 1.
398 2304 434 2353 De
453 2303 558 2366 populis
575 2308 695 2366 tempore
713 2303 818 2354 Taciteo
836 2302 949 2366 patriam
968 2307 1088 2352 nostram
1106 2303 1148 2352 in-

396 2394 545 2444 colentibus
585 2431 1143 2444 ............
1231 2395 1247 2446 3

326 2486 380 2550 5‘2.
398 2486 615 2550 Geogmphorum
640 2487 673 2536 de
699 2487 805 2550 populis
831 2487 944 2550 patriam
970 2493 1087 2537 nostram
1106 2489 1148 2537 in·

397 2577 547 2628 colentibus
564 2579 717 2629 testimonia
739 2616 1144 2629 .........
1224 2579 1256 2629 97

327 2667 381 2732 53.
400 2669 594 2720 Historicorum
621 2670 774 2720 testimonia
791 2671 853 2719 inde
871 2686 885 2718 a
903 2669 993 2720 Tacito
1011 2672 1148 2735 usquead
1239 2676 1243 2682 '

398 2759 536 2811 sulianum
539 2798 1142 2811 .............
1225 2761 1259 2812 10

327 2851 382 2915 54.
401 2851 438 2901 De
455 2851 561 2902 tuliano
578 2852 606 2901 in
625 2852 710 2914 patria
728 2856 819 2902 nostra
837 2851 937 2902 bellum
954 2856 1096 2917 gerente.
1139 2889 1145 2901 .
1224 2851 1258 2902 63

327 2942 384 3006 55.
402 2941 570 3006 Scriptorum
588 2947 647 3006 post
662 2942 800 2994 sulianum
817 2943 996 2993 testimonia.
1039 2980 1046 2992 .
1089 2980 1095 2993 .
1139 2980 1145 2993 .
1224 2942 1256 2993 91

184 3057 246 3109 cm.
265 3057 296 3109 11.
326 3058 371 3107 De
399 3058 735 3122 Anglosaxonibus
736 3095 1143 3109 .........
1173 3058 1305 3109 115-»117

323 3148 378 3214 51.
394 3150 432 3199 De
450 3151 665 3216 Anglosaxonum
682 3151 789 3201 sedibus
808 3151 949 3214 antiquis,
988 3188 994 3200 .
1038 3188 1044 3201 .
1088 3187 1093 3200 .
1137 3189 1143 3202 .
1215 3152 1265 3201 115

324 3241 378 3306 52.
396 3242 433 3292 De
452 3243 589 3292 Britannia
608 3242 641 3292 ab
658 3242 887 3306 Angtosaxonibus
903 3247 1031 3305 occupata
1087 3279 1094 3292 .
1137 3279 1143 3292 .
1216 3242 1264 3292 199

322 3334 335 3398 5
351 3332 376 3384 3.
393 3334 490 3384 Utrum
514 3334 711 3399 Anglosaxones
736 3334 764 3384 in
791 3334 876 3397 patria
895 3338 986 3384 nostra
1006 3334 1144 3385 habitave-

397 3426 452 3476 rint
469 3441 554 3477 necne
586 3461 1140 3477 ............
1211 3425 1262 3477 139

181 3540 369 3592 omnine
395 3543 689 3608 archneologiae
717 3543 989 3593 testimoniis.
1033 3579 1039 3592 .
1082 3579 1089 3592 .
1132 3580 1139 3593 .
1169 3541 1302 3594 148-169
