3240 5304
705 549 746 612 65

164 744 327 818 τραφῆναι,
361 736 592 818 παρεμυθήσατο
625 743 694 809 ταῖς
725 734 859 813 ἀμείνοσι
888 739 944 799 τῶν
969 733 1105 799 ἐλπίδων
1119 733 1161 818 ¹).
1185 735 1287 797 ταῦτα

160 852 229 932 ὁρῶν
252 877 299 924 τις
326 851 473 930 βασιλεὺς
496 849 601 931 μοι’ρας
624 851 656 914 οὐ
681 852 788 930 μικροῖς
811 847 1002 930 βαρβαρικῆς
1026 844 1093 923 ήκεν
1116 844 1287 924 ἀπολογίαν

162 989 198 1028 τε
221 963 360 1044 κομίζων,
385 967 422 1037 ὥς
446 966 478 1028 οιἰ
502 963 631 1042 μεγάλα
655 963 784 1038 ήδίκήκε,
808 962 860 1027 καὶ
885 961 1018 1034 σπονδὰς
1036 961 1127 1026 αἰτῶν
1147 959 1286 1038 nulnum·

162 1079 320 1157 μαχήοειν
345 1077 450 1155 λέγων.
475 1079 512 1150 ὥς
535 1077 560 1140 δ’
586 1076 677 1140 ἐδόκει
703 1100 733 1140 τι
759 1075 868 1152 λέγειν,
893 1075 1055 1140 σπένδεται
1077 1073 1198 1155 βραχύν
1219 1095 1287 1137 τινα

162 1191 273 1271 χρόνον,
299 1195 387 1254 ποιῶν
410 1191 499 1259 αὐτὸν
522 1189 737 1270 ἐπιεικέστερον
760 1190 801 1269 τῷ
822 1188 911 1270 Φόβῳ
935 1187 1152 1268 τῶνδευτέριον.
1168 1187 1286 1252 Urbem

164 1305 293 1368 alteram
328 1307 536 1388 Agrippinam
558 1305 660 1368 fuisse
684 1309 812 1387 propter
836 1308 1024 1386 sequentem
1050 1302 1090 1365 de
1113 1320 1188 1384 rege
1211 1299 1286 1364 sub·

160 1420 245 1500 jectu
280 1419 503 1494 narrationem,
533 1420 598 1500 jam
633 1417 713 1481 vidit
743 1416 780 1480 Ε.
811 1436 875 1480 von
899 1413 1089 1492 Βολειιιῆς
1115 1432 1288 1497 regemque

165 1531 256 1594 illum
282 1533 421 1613 regionis
446 1531 627 1595 barbaricae
651 1551 713 1593 non
740 1533 877 1614 exiguae
888 1529 1085 1593 Francorum
1098 1547 1169 1592 esso
1180 1546 1286 1610 regem

166 1645 359 1708 Ammianus
396 1664 454 1708 nos
489 1644 590 1708 dooet.
624 1646 668 1708 At
693 1664 889 1727 quamquam
914 1661 1021 1726 paoem
1047 1641 1231 1706 firmaverat
1254 1642 1287 1702 in

168 1779 299 1841 parvum
325 1761 478 1842 temporis
499 1760 648 1842 spatium,
667 1763 773 1820 tamen
795 1755 1007 1835 interularum
1027 1774 1092 1819 non
1114 1754 1189 1818 lacti
1213 1759 1290 1818 sunt

167 1871 280 1934 Franci
305 1869 393 1951 Φόβῳ
417 1875 474 1935 τῶν
498 1870 648 1951 δευτέρων,
672 1871 704 1934 id
729 1871 814 1956 quod
839 1870 985 1954 sperabat
1008 1870 1169 1933 Julianus.

210 1984 293 2048 Nam
329 1985 438 2050 eodem
476 2003 603 2068 pugnae
633 1986 916 2067 Argentoratensis
952 2002 1047 2062 anno,
1083 1983 1144 2045 357
1181 1983 1290 2064 igitur,

168 2099 324 2163 hostiliter
356 2099 564 2162 incursabant
598 2104 713 2162 terram
750 2097 935 2161 Romanam.
960 2097 1142 2159 Audiamus
1166 2097 1289 2158 Auma-

167 2231 233 2275 nun
247 2215 277 2289 ³).
324 2211 435 2275 Remos
473 2209 604 2275 Seuerus
638 2211 786 2294 maqistar
819 2212 958 2297 equitum
991 2231 1048 2290 per
1079 2209 1289 2292 Aarippinam

163 2329 274 2407 petens
307 2330 337 2388 et
370 2324 534 2389 Juliaaum
569 2325 768 2388 Francorum
803 2324 1011 2388 validissimos
1033 2341 1143 2386 euneos
1166 2323 1202 2386 in
1223 2341 1290 2386 sea·

167 2438 265 2500 centis
301 2438 448 2518 uelitibus,
478 2445 514 2502 ut
539 2443 649 2521 postea
671 2439 796 2519 claruit,
816 2458 916 2502 uacua
939 2435 1109 2516 praesidiis
1133 2435 1197 2500 loru
1220 2455 1289 2498 vas·

168 2556 272 2614 tontes
294 2551 443 2631 offendit:
466 2550 524 2614 ium
547 2553 780 2635 opportunitate
800 2553 836 2615 in
855 2551 1132 2614 saetusauotaaiam
1146 2550 1292 2632 amoenis,

168 2666 251 2749 quod
286 2665 420 2730 Caesare
453 2666 488 2729 in
513 2665 762 2730 Alamannorum
786 2665 952 2730 secessibus
976 2671 1123 2744 occupato
1145 2662 1293 2750 auitoque

168 2785 293 2844 vetante
328 2779 499 2858 explerier
527 2799 617 2862 posse
636 2779 833 2859 praedarum
855 2779 1013 2862 opimitate
1036 2783 1111 2841 sunt
1135 2777 1291 2842 arbitrati.

171 2890 231 2956 sea
256 2899 338 2956 metu
357 2893 428 2973 jam
451 2893 566 2956 reunsi
588 2893 739 2956 enormius
763 2893 963 2956 munimentis
983 2891 1110 2972 duobus,
1129 2889 1293 2974 quaeolim

170 3005 335 3067 aninanita
367 3010 452 3085 sunt,
486 3007 641 3084 occupatis
674 3026 706 3069 se
738 3006 843 3091 quood
869 3005 942 3084 fieri
970 3008 1092 3088 poterat
1116 3003 1293 3067 tuebantur.

172 3117 245 3183 Hae
268 3118 425 3182 Julianus
446 3120 493 3182 rei
511 3120 646 3183 novitate
660 3119 826 3203 perculsus
839 3169 845 3182 .
860 3169 865 3181 .
879 3169 904 3182 ..
925 3124 1044 3183 retento
1056 3118 1291 3182 militeairaum·

171 3231 289 3294 nattare
312 3231 464 3310 disposuit
488 3231 643 3316 [sequitur
666 3232 792 3316 lacuna]
819 3231 914 3296 Mosa
932 3229 1294 3314 tiuviuspraaterlambit

170 3349 200 3408 et
222 3344 266 3407 ad
287 3365 385 3426 usque
409 3351 556 3431 quartum
577 3352 606 3410 et
628 3347 922 3431 quinquuqesimum
945 3347 1035 3427 diam,
1055 3344 1218 3409 Decembri
1236 3345 1293 3408 soi·

177 3500 317 3507 ——

204 3591 231 3656 1)
250 3591 287 3642 cf.
313 3593 413 3642 iuliani
440 3592 560 3655 Epistola
584 3592 615 3642 ad
642 3591 668 3643 S.
678 3593 706 3642 P.
717 3592 745 3651 Q.
774 3593 966 3644 Atheniensem
987 3594 1037 3645 279
1057 3595 1109 3646 AB
1128 3596 1158 3657 (l,
1176 3593 1226 3644 349
1244 3595 1294 3657 H):

172 3678 199 3740 is
226 3681 247 3731 δ’
274 3681 384 3744 ἐνέμοντο
409 3689 455 3745 γῆς
482 3681 520 3732 ἐπὶ
544 3682 603 3733 τάδε
621 3690 664 3734 τοῦ
682 3682 762 3740 Ῥήνου
776 3684 856 3742 παοής
873 3686 898 3732 οι*
912 3685 1025 3747 βάρβαροι
1043 3687 1073 3734 τὸ
1090 3684 1191 3747 μέγεθος
1208 3685 1294 3733 ὁπόσον

172 3773 220 3822 ἀπὸ
247 3778 293 3822 τῶν
315 3779 399 3836 πηγῶν
416 3773 494 3822 αὐτῶν
511 3774 642 3836 ἀρχόμενος
659 3773 716 3835 ἄχρι
734 3781 776 3826 τοῦ
794 3773 912 3826 Ὠκεανοῦ
929 3775 1109 3837 περιλαμβάνει·
1128 3778 1252 3837 τριακόσια
1270 3773 1295 3824 δὲ

173 3865 276 3925 ἀπεῖχον
297 3869 340 3923 τής
357 3863 421 3929 ’ήονος
439 3873 482 3917 τοῦ
499 3865 579 3922 Ῥήνου
598 3865 687 3915 στάδια
703 3867 728 3915 οἱ
742 3868 796 3927 πρὸς
813 3862 878 3926 ήμας
894 3866 1009 3924 οἰκοῦντες
1026 3865 1139 3928 ἔσχατοι,
1158 3867 1296 3928 τριπλάσιον
1369 3879 1375 3886 ·

174 3953 200 4003 δὲ
226 3953 252 4012 ήν
277 3954 313 4004 ’ἔτι
340 3955 428 4004 τούτου
455 3957 548 4015 πλάτος
565 3957 594 4005 τὸ
611 3957 773 4019 καταλειφθὲν
790 3954 872 4018 ’ἐρήμου
889 3955 934 4005 ὑπὸ
952 3959 995 4014 τής
1013 3957 1155 4022 λεηλασίας,
1171 3956 1225 4006 ’ἔνθα
1242 3955 1296 4006 οὐδὲ

174 4045 250 4106 νέμειν
269 4044 322 4110 ἐξήν
337 4057 387 4104 τοῖς
405 4054 506 4105 Κελτοῖς
524 4049 557 4096 τοι
573 4046 728 4109 βοσκήματα,
747 4053 787 4098 καὶ
805 4051 886 4105 πόλεις
902 4049 963 4104 τινὲς
979 4045 1059 4108 ’ἔρημοι
1076 4053 1122 4096 τῶν
1143 4046 1297 4114 ἐνοικούντων,

174 4133 211 4195 αῖς
236 4135 300 4186 otuu
323 4137 443 4199 παρῴκουν
460 4139 484 4186 οἱ
497 4139 619 4201 βάρβαροι.
637 4137 661 4187 ἐν
678 4139 771 4196 τούτοις
789 4137 1027 4202 sinemurensem
1045 4137 1094 4200 ἐγὼ
1112 4138 1155 4196 τήν
1173 4138 1297 4187 Γαλατίαν

175 4227 243 4276 πόλιν
268 4246 296 4277 τε
321 4228 439 4292 ἀνέλαβον
468 4229 511 4286 τήν
537 4229 696 4292 Ἀρριττίναν
721 4229 760 4279 ἐπὶ
791 4236 824 4294 τῷ
853 4230 932 4293 Ῥήνῳ,
951 4233 992 4292 πρὸ
1010 4235 1086 4292 unitio
1104 4229 1235 4280 ἑαλωκυῖαν
1252 4246 1297 4277 που

175 4317 241 4377 δέκα,
258 4319 299 4368 καὶ
316 4331 401 4381 τεῖχος
418 4320 563 4382 Ἀργέντυρα
581 4319 681 4377 πλήπιυν
699 4336 723 4372 e.
733 4337 758 4386 q.
768 4338 789 4372 s.

208 4411 236 4476 2)
254 4413 284 4462 ln
303 4413 401 4462 Herma
419 4411 451 4462 27
470 4414 529 4476 (Die
546 4413 660 4472 Quellen
678 4430 711 4463 au
729 4414 780 4464 den
801 4414 951 4478 Feldzrigen
969 4412 1093 4477 tullens),
1111 4428 1136 4476 p.
1156 4411 1213 4462 184.

208 4502 236 4566 3)
253 4503 333 4568 XVII,
350 4504 375 4564 2,
392 4502 466 4554 l-l.

1181 4595 1198 4644 5
