3240 5304
856 518 899 584 42

315 708 489 773 silentium.
521 707 569 772 Eo
601 708 804 793 imperitante
828 709 967 792 primam
991 707 1107 773 Franci
1130 710 1163 773 iu
1189 709 1323 774 historia
1345 729 1441 794 appa·

315 828 397 906 rent,
421 826 571 906 quamvis
595 825 671 906 sint,
695 825 752 908 qui
774 823 958 888 Franconas
981 824 1032 887 vel
1051 823 1237 908 Frangones
1256 823 1442 890 aOicero'ne

315 943 579 1002 commemoratos
593 925 615 1016 ¹)
638 938 765 1002 eosdem
790 937 892 1002 fuisse
916 956 953 1001 ac
976 937 1116 1002 Francos
1140 939 1345 1003 contendant.

360 1051 504 1115 Licinius
539 1050 714 1132 Gallienus,
750 1051 827 1115 haec
860 1052 995 1140 Annam
1029 1051 1176 1116 V1oroa1s
1201 1059 1277 1116 sunt
1300 1052 1442 1133 verber),

314 1184 380 1228 rem
414 1164 593 1230 Romanam
616 1166 711 1246 quasi
732 1141 907 1249 aacfrayia
929 1165 1023 1248 dedit,
1046 1186 1116 1230 cam
1239 1166 1440 1230 Francorum

314 1283 420 1360 pentes
453 1278 577 1362 direpta
613 1277 725 1343 Gallia
761 1277 956 1362 Hispaniam
992 1279 1192 1361 possiderent,
1227 1281 1372 1365 nactique
1406 1280 1442 1343 ia

316 1397 450 1472 tempore
483 1392 620 1475 manipiis
652 1395 788 1472 persia
811 1412 909 1477 aeque
932 1393 1081 1477 Africam
1101 1401 1277 1477 permearet
1290 1394 1322 1474 ⁸).
1349 1393 1443 1458 Unde

317 1507 462 1572 venerint
497 1506 611 1571 Franci
646 1526 709 1570 non
742 1507 920 1572 adnotatur.
945 1505 1007 1571 Sed
1032 1527 1098 1571 nou
1122 1509 1226 1572 solum
1252 1507 1440 1592 Hispaniam

317 1626 540 1699 vastaverunt,
583 1622 781 1685 Aurelianus
825 1640 861 1684 eo
905 1627 1048 1704 tempore
1085 1621 1173 1704 apud
1207 1620 1442 1704 Mapantiacam

315 1733 460 1799 tribanus
493 1733 622 1817 lapionis
656 1741 760 1799 sectae
792 1734 979 1799 Gallicanae
1009 1734 1154 1799 Francos
1184 1735 1347 1817 irruentes,
1371 1755 1441 1799 cum

315 1852 510 1930 caperentur
539 1868 600 1932 per
633 1854 728 1912 totam
765 1848 917 1929 Galliam,
950 1848 994 1911 sic
1015 1848 1151 1933 afflccit,
1174 1855 1210 1913 ut
1231 1853 1381 1914 trecentos
1404 1870 1443 1914 ee

315 1960 364 2024 lais
400 1967 516 2041 captos,
551 1963 755 2043 septincentis
789 1963 996 2045 interemptis,
1030 1963 1087 2026 sub
1121 1983 1235 2052 corona
1257 1963 1443 2028 vendiderit.

322 2073 412 2142 Unde
435 2077 548 2139 iterum
571 2076 607 2140 dc
630 2096 663 2140 ea
686 2077 776 2159 facta
801 2083 845 2140 est
856 2077 1037 2141 cantilena:
1050 2077 1162 2159 ,Mille
1173 2077 1347 2158 Sarmatas,
1359 2078 1442 2143 mille

316 2189 462 2254 Francos
488 2191 579 2254 semel
601 2194 631 2254 et
653 2189 745 2255 semel
764 2191 951 2255 occidlmas”
975 2211 1000 2256 e.
1015 2213 1043 2275 q.
1058 2211 1081 2256 s.
1095 2197 1125 2272 ⁴).
1151 2192 1191 2256 Et
1216 2193 1255 2257 de
1274 2195 1344 2276 ipso
1369 2192 1441 2256 Gal·

316 2305 401 2369 lieno
436 2303 580 2368 Zonaras
612 2302 636 2384 ⁵)
660 2304 787 2374 scribit:
810 2303 964 2385 Αἱρούλοις
987 2306 1120 2386 Σκυθικῷ
1142 2305 1221 2384 γένει
1240 2306 1292 2370 acl
1313 2308 1441 2388 Γοτθικςῖι

315 2415 479 2494 ἐπεξελθὼν
503 2416 672 2497 ἐκράτησεν.
697 2417 895 2496 Ἐνιολὲιονοε
918 2418 950 2482 δὲ
974 2418 1026 2483 acl
1057 2417 1219 2500 Φροέγγοις.
1244 2420 1346 2493 Paulo
1371 2427 1443 2505 post

316 2538 378 2605 τοῖς
413 2530 545 2605 Platore
569 2532 624 2596 ὑπὸ
649 2533 767 2596 Σκυθῶν
792 2531 996 2613 πορθουμένοις
1019 2534 1179 2614 ἐπικουρεῖν
1204 2535 1330 2599 dicitur.
1353 2533 1442 2611 Quos

317 2645 452 2727 Scythas
481 2647 609 2711 eosdem
634 2646 775 2712 Herulus
799 2667 870 2712 esse
893 2655 971 2732 puto
995 2649 1090 2733 paulo
1114 2654 1189 2714 ante
1211 2655 1339 2732 gentem
1364 2649 1442 2732 Scy-

315 2760 432 2823 thicam
457 2763 654 2840 nominatos,
681 2761 766 2844 quod
783 2762 938 2825 siveram
953 2767 1010 2844 est,
1018 2765 1083 2844 jam
1098 2763 1158 2826 boc
1171 2767 1314 2847 tempore
1326 2762 1442 2828 Heruli

315 2871 451 2936 Galliam
482 2875 681 2956 invaserunt,
714 2875 770 2938 ubi
795 2881 904 2958 postea
930 2895 1061 2959 quoque
1083 2877 1299 2941 invenientur.
1325 2876 1443 2941 Contra

316 2986 453 3052 eundem
480 2987 660 3052 Gallienum
686 2989 863 3054 Postumus
887 2996 1058 3074 usurpator
1077 2993 1235 3075 pugnavit
1254 3011 1323 3055 cam
1337 2990 1444 3055 maltis

316 3101 447 3164 aucillis
478 3103 646 3181 jocaretur
685 3101 807 3167 Celticis
841 3110 935 3189 atquc
969 3103 1136 3168 Francicis
1150 3103 1183 3182 ⁶).
1216 3105 1383 3189 Postremo
1407 3108 1441 3170 in

348 3386 376 3450 i)
394 3387 477 3450 Epist.
495 3387 526 3436 ad
547 3388 628 3438 Attia.
643 3387 713 3447 xlx,
730 3385 773 3437 tc.

348 3478 377 3542 2)
394 3479 467 3529 Caes.
485 3476 527 3528 33.

347 3569 374 3634 3)
393 3570 572 3621 Conferantur
600 3571 745 3634 Eutropius
774 3570 817 3629 IX,
843 3569 870 3619 7:
900 3569 1026 3621 Germani
1045 3586 1131 3635 usque
1149 3572 1180 3621 ad
1201 3571 1342 3635 Hispanias
1360 3587 1443 3634 pene-

316 3667 458 3712 traverunt
474 3667 513 3712 et.
526 3700 530 3711 .
543 3701 547 3711 .
560 3700 564 3710 .
587 3663 765 3712 Tarraconem
783 3661 956 3724 expulerunt.

348 3755 463 3815 Hieron,
481 3753 579 3803 Chron.
596 3753 628 3802 ad
646 3769 680 3802 an
700 3751 767 3802 2280
789 3753 833 3815 (=
845 3751 920 3816 acm:
939 3752 1080 3804 Germanis
1099 3753 1240 3817 Hispanias
1258 3753 1445 3804 obtinentibus

315 3847 427 3896 Tarraco
445 3860 568 3909 expugna
586 3850 635 3895 est.

348 3937 466 3995 Orosius,
479 3938 535 3998 Vll,
551 3936 592 4000 Ἡ,
610 3936 639 3987 7:
658 3938 786 3988 Germani
805 3937 946 3988 ulteriores
962 3937 1056 3987 abrasa
1077 3937 1218 4001 potiuntur
1240 3937 1376 4002 Hispania.

348 4030 385 4079 Id.
404 4027 561 4090 v11,41‚2:
581 4029 745 4092 (Hispanias)
764 4044 812 4078 sno
832 4028 951 4079 Gallieno
969 4029 1132 4092 imperatore
1150 4043 1443 4093 peraunospropemo-

314 4122 379 4170 dura
397 4120 537 4171 duodecim
556 4120 696 4170 Germanis
714 4122 909 4171 evertentibus.

348 4212 375 4276 4)
395 4214 432 4263 Fl.
450 4213 587 4276 Vopiscus,
605 4212 665 4262 Vita
684 4212 823 4262 Aureliani
843 4213 897 4275 Vll,
914 4212 938 4263 i.

349 4306 376 4370 5)
394 4305 452 4369 XII,
470 4305 511 4356 ll.

347 4396 374 4457 6)
391 4398 540 4448 Trebellius
558 4396 648 4455 Pollio,
665 4396 725 4446 Vita
744 4395 857 4447 Gallieni
875 4397 931 4458 Vll,
948 4396 973 4447 i.
993 4396 1066 4446 Idem
1082 4396 1200 4447 alioloco
1211 4395 1443 4462 (Trig.tyr.Vi‚l)

313 4488 346 4537 de
363 4487 518 4554 ingentibus
534 4488 730 4538 Germanorum
747 4488 855 4537 auxiliis
874 4488 1004 4551 loquitur.

1605 345 1614 616 l

1607 1469 1614 1746 l

1610 1747 1614 2018 l

1608 2019 1614 2268 l

1608 2293 1614 2570 l

1607 2591 1614 2834 l

1609 2868 1614 3132 1

1606 3143 1614 3396 l

1609 3433 1614 3692 l

1610 3725 1614 3966 t

1610 4277 1614 4510 l
