3240 5304
860 584 902 644 48

317 765 362 830 ita
392 771 508 848 tamen,
541 772 577 830 ut
600 773 724 850 praeter
748 768 920 850 regionem,
944 788 1039 851 quam
1065 787 1152 830 nunc
1175 788 1265 832 suam
1290 768 1450 848 fecerant,

316 881 410 942 etiam
437 881 550 963 prioris
574 880 708 943 dominii
734 881 884 962 majorem
910 888 1040 964 partem,
1065 901 1132 944 eam
1158 882 1279 945 scilicet
1302 883 1446 964 quaead

319 1013 419 1058 novas
442 994 535 1058 sedes
559 1013 650 1058 versa
673 999 749 1074 erat,
768 1001 952 1077 occupatam
978 995 1093 1058 habere
1117 998 1408 1079 perseveraveriut3
1424 1015 1448 1059 e

318 1107 559 1190 septentrionali
595 1109 816 1172 tantummodo
850 1115 939 1192 parte
963 1115 1132 1173 cesserant.
1157 1111 1200 1171 At
1224 1111 1299 1192 quia
1321 1111 1447 1190 insula,

317 1223 350 1284 in
375 1242 440 1304 qua
463 1241 565 1305 nuper
588 1223 681 1286 sedes
705 1222 852 1302 fixerant,
874 1221 1027 1286 Romanis
1039 1221 1143 1286 fuerat
1156 1223 1307 1304 subjecta,
1319 1223 1443 1286 lactum

317 1341 375 1418 est,
399 1344 434 1400 ut
456 1357 475 1399 a
499 1335 605 1401 Probo
629 1343 777 1420 rogarent
800 1321 921 1410 sineru,
946 1339 964 1400 i.
986 1357 1011 1401 e.
1035 1342 1071 1401 ut
1094 1337 1154 1400 sibi
1178 1339 1262 1402 inter
1284 1340 1444 1401 terminos

318 1451 440 1534 imperii
477 1450 619 1514 habitare
654 1450 773 1530 liceret,
808 1471 904 1534 quam
935 1451 1058 1514 veniam
1086 1452 1306 1535 imperatorem
1331 1452 1441 1533 ipsum

319 1564 465 1647 undique
487 1563 670 1628 lacessitum
704 1583 821 1646 negare
846 1584 908 1627 non
934 1583 1029 1647 posse
1053 1564 1149 1647 probe
1173 1564 1323 1628 sciebant.
1347 1563 1442 1626 Nihi-

318 1676 459 1740 lominus
495 1695 552 1760 per
587 1679 694 1744 maria.
721 1697 807 1740 nunc
832 1698 899 1758 sara,
925 1684 1078 1760 vagantes
1102 1676 1262 1740 littoribus
1286 1677 1443 1742 Romanis

318 1811 381 1854 non
418 1797 638 1875 pepercerunt.
675 1791 764 1869 Quae
799 1794 906 1855 omnia
940 1794 1111 1875 imperium
1143 1790 1321 1854 Romanum
1347 1791 1443 1854 bellis

317 1904 468 1969 civilibus
492 1925 566 1969 oum
592 1906 820 1969 dilaceraretur
843 1905 925 1968 facta
949 1911 1054 1982 erant3
1082 1911 1249 1988 postquam
1275 1907 1443 1968 restitutor

317 2020 441 2083 exstitit
477 2018 694 2084 Maximianus
729 2022 822 2103 isque
859 2022 953 2083 etiam
988 2027 1077 2082 trans
1106 2018 1253 2082 Rhenum
1278 2021 1443 2084 exercitus

318 2133 420 2215 duxit,
451 2135 566 2198 timore
590 2153 630 2198 ne
652 2136 822 2219 puniretur
845 2135 962 2198 ductus
987 2133 1223 2198 Gennoboudes
1247 2154 1303 2198 rex
1329 2153 1440 2217 pacem

317 2247 436 2329 petivit.

362 2361 406 2424 At
430 2381 493 2424 non
520 2361 674 2424 diuturna
698 2361 759 2423 luit
783 2381 846 2445 pax
870 2359 1014 2423 Romana
1038 2380 1142 2444 neque
1165 2360 1241 2423 alibi
1262 2361 1443 2444 nequehic.

316 2473 385 2539 Sub
421 2476 577 2558 auspiciis
601 2476 704 2557 ipsius
731 2473 920 2537 Maximiani
945 2480 1098 2538 strennus
1122 2475 1176 2537 ille
1199 2473 1333 2537 bellator
1356 2473 1437 2536 Con·

317 2591 455 2653 stantius
479 2587 614 2652 Chlorus
637 2589 846 2668 (aee-306),
870 2591 973 2672 primo
998 2587 1123 2668 Caesar,
1138 2589 1442 2671 'moxipseAugus

318 2709 379 2783 tus,
413 2722 509 2785 quam
545 2701 620 2764 inde
655 2701 694 2764 ab
729 2703 879 2782 Augusto
915 2701 1052 2765 Romani
1076 2705 1245 2764 tenuerant
1268 2702 1441 2784 regionem,

316 2817 448 2881 reddere
490 2817 624 2899 imperio
667 2814 824 2898 cupiebat.
860 2814 907 2879 De
942 2817 1035 2898 eujus
1069 2815 1328 2898 expeditionibus
1364 2815 1442 2878 haec

316 2930 553 2994 adnotaverunt
577 2928 737 3012 aequales.

360 3042 499 3107 Animus
521 3042 654 3126 effingit,
678 3045 724 3106 sic
749 3041 912 3105 Euunuros
926 3036 947 3119 ¹)
970 3042 1136 3121 exclamet,
1160 3041 1217 3105 sub
1236 3042 1441 3116 deuterutuu,

317 3157 440 3221 domine
464 3154 640 3236 Constanti,
665 3153 836 3218 Retovium
860 3154 1130 3238 Britanniamque
1152 3153 1333 3240 squalidum
1346 3159 1442 3233 caput

316 3269 406 3334 siluis
428 3275 456 3334 et
477 3269 624 3348 fluctibus
647 3273 828 3333 euerentcm.

360 3383 401 3448 ut
424 3385 456 3446 in
482 3383 681 3467 Panegyrico
706 3380 902 3467 Constanti0,
925 3387 1094 3465 postquam
1119 3383 1211 3445 initio
1232 3382 1296 3463 jam
1319 3380 1440 3444 dictum

316 3503 365 3562 est
398 3497 550 3562 Bataviae
585 3497 838 3580 Britanniaeque
871 3495 1046 3558 vindictam
1080 3495 1270 3559 destinatam
1295 3490 1441 3575 fuisse²t,

317 3613 394 3675 haec
437 3608 628 3695 legimus³t3
673 3629 767 3694 quem
802 3609 905 3674 locum
945 3615 1073 3693 propter
1109 3607 1285 3673 mirabilem
1322 3609 1440 3690 patriae

316 3730 443 3788 nostrae
467 3725 714 3808 descriptionem
739 3743 802 3787 non
829 3743 959 3806 possum
986 3742 1049 3784 non
1075 3729 1178 3785 totum
1204 3721 1391 3785 describere.

363 3835 559 3920 Quemquam
593 3835 650 3900 illu
684 3837 769 3918 rapio
799 3836 915 3899 diutinis
946 3833 1193 3917 expeditionibus
1217 3834 1289 3916 tuis,
1314 3831 1439 3914 (leesor,

316 3948 475 4012 uindicata
509 3954 602 4029 utque
630 3956 777 4031 purputn,
807 3969 902 4033 prtum
934 3947 1067 4032 obliquis
1089 3948 1241 4012 mentibus
1266 3946 1394 4012 Vahalis
1407 3945 1440 4027 ⁴),

317 4105 460 4113 ——a

348 4183 376 4249 l)
395 4182 485 4235 Oratio
502 4199 550 4249 pro
568 4184 752 4235 restaurandis
769 4184 847 4235 scolis
865 4184 909 4250 (=
919 4185 981 4233 Pan.
1000 4183 1055 4248 IV),
1071 4182 1119 4247 213
1138 4183 1228 4233 habita
1245 4197 1315 4232 anno
1333 4179 1390 4233 296.

350 4273 378 4339 i)
396 4275 460 4326 Pan.
479 4275 509 4341 V,
527 4274 552 4341 h,
570 4275 678 4325 habitus
696 4289 765 4324 anno
784 4273 841 4326 297.
1356 4275 1358 4282 ‘

349 4369 378 4434 3>
396 4369 461 4420 lbid.
479 4367 495 4418 8
513 4384 552 4432 sq.

349 4461 378 4528 4)
395 4461 506 4512 Etiamsi
523 4460 631 4511 Vahalis
640 4473 738 4510 nomen
748 4460 848 4523 injuria
858 4475 872 4509 a
881 4460 961 4510 lunio
972 4459 1129 4508 restitutum
1137 4463 1176 4508 est
1187 4472 1235 4521 pro
1246 4457 1442 4524 a(s)cal(i)dis’',

316 4553 387 4621 quod
406 4552 534 4617 praebent
552 4551 614 4601 libri
629 4551 815 4615 manuscripti,
829 4555 919 4601 tamen
930 4552 962 4601 de
973 4559 1054 4616 terra,
1062 4564 1142 4614 quam
1152 4549 1266 4600 divortio
1276 4550 1318 4599 sui
1328 4549 1439 4599 Rhenus
