3244 5296
840 497 881 559 80

298 685 429 747 nomine
462 683 546 747 infre
583 685 726 767 agemus)
761 684 794 746 in
830 687 947 747 terram
973 681 1149 746 Romanam
1175 683 1340 762 emittitur,
1363 679 1419 744 sed

295 816 314 859 a
344 796 475 861 Francis
506 799 642 861 transitu
666 797 861 879 prohibetur.
886 796 1031 860 Saxones
1055 814 1130 858 vero
1154 816 1173 858 a
1196 795 1419 878 septentrioni-

299 908 359 972 bus
382 917 414 973 et
437 910 476 972 ab
501 913 623 973 oriente
645 909 757 973 Rheno
782 909 924 974 inferiori
949 912 1252 993 appropinquantes
1269 907 1419 990 aquibus

301 1022 473 1102 „Francis”
494 1022 644 1114 prohibiti
665 1025 742 1102 sint,
766 1023 901 1087 dubium
927 1042 990 1086 non
1016 1029 1080 1086 est:
1105 1025 1184 1104 ipsis
1209 1007 1299 1086 hisce
1318 1022 1418 1110 regio-

299 1136 395 1199 nibus
427 1139 510 1200 inter
540 1157 654 1220 agrum
685 1136 867 1200 Romanum
893 1144 923 1200 et
947 1136 1112 1200 Saxonum
1138 1137 1270 1218 patriam
1295 1140 1419 1214 (terras-

300 1269 363 1333 que
389 1252 454 1333 jam
476 1271 493 1313 a
518 1249 702 1314 saxonibus
727 1254 909 1334 occupatas)
933 1250 1083 1314 omnibus
1108 1269 1190 1333 quos
1212 1251 1420 1314 tractavimus

299 1363 394 1443 loebe,
418 1361 630 1442 Chamavcs¹t
655 1363 797 1427 habitare
822 1364 971 1427 vidimus.

344 1475 509 1540 Hactenus
540 1479 647 1539 omnia
679 1477 759 1541 bene
785 1478 977 1560 procedunt3
1003 1478 1058 1540 sed
1084 1497 1172 1540 nuuc
1196 1478 1363 1540 haeremus
1387 1478 1420 1538 in

302 1591 407 1654 verbis
443 1588 500 1655 δέει
532 1594 584 1654 τοῦ
609 1590 652 1668 μὴ
673 1592 714 1670 τῷ
739 1589 864 1671 Κοοίοοορο
890 1591 986 1655 bobum
1011 1589 1130 1654 δοκνίοον
1152 1589 1248 1653 οοίτίοον
1272 1598 1326 1664 τῆς
1349 1589 1419 1652 κοτ’

302 1703 399 1766 αὐτῶν
433 1698 517 1776 adhc
551 1702 670 1783 toiobre.
707 1704 805 1768 Hisce
840 1703 947 1768 verbis
982 1706 1067 1767 euim
1100 1711 1230 1787 apparet
1257 1705 1321 1785 jam
1348 1721 1419 1764 cnm

301 1816 432 1880 Francis
465 1818 542 1880 hisis
574 1837 735 1899 pugnasse
756 1815 941 1896 Caesarem
966 1818 1006 1880 de
1030 1818 1131 1899 prima
1153 1823 1259 1879 autem
1284 1814 1421 1877 Franco-

301 1949 371 1992 rum
412 1932 444 1992 in
481 1928 616 1992 Galliam
651 1931 839 1994 incursione
874 1928 976 2008 (1⁰.t²)
1010 1930 1061 1992 hic
1096 1925 1159 1992 nbn
1197 1931 1312 2012 agitur,
1347 1947 1420 1991 nam

303 2049 380 2104 tuno
411 2043 567 2123 quosdam
604 2043 733 2125 quidem
758 2043 982 2106 latrocinantes
1008 2045 1099 2126 cepit,
1131 2063 1204 2106 cum
1229 2050 1323 2126 gente
1347 2061 1422 2105 vero

302 2175 366 2218 non
391 2155 553 2218 dimicavit
577 2158 682 2218 statim
709 2157 838 2220 domurn
864 2175 1008 2235 reverea3
1035 2157 1120 2239 quod
1146 2159 1172 2220 si
1198 2175 1319 2236 verum,
1344 2176 1421 2239 quo-

302 2271 387 2330 uiaur
431 2275 539 2350 postea
581 2268 683 2333 Salios
718 2268 785 2348 (2⁰.)
829 2277 859 2334 et
895 2269 1072 2333 Chamavos
1108 2268 1174 2352 (3⁰.)
1209 2271 1340 2333 adortus
1375 2276 1424 2333 cst

301 2380 463 2468 Julianus,
498 2381 680 2466 Francique
715 2383 890 2446 Zosimiani
927 2403 990 2446 uon
1014 2391 1092 2447 sunt
1114 2383 1191 2447 Salii
1215 2389 1301 2461 (nam
1326 2382 1423 2446 Fran·

302 2515 412 2558 corum
438 2497 570 2578 patriam
597 2495 837 2575 ὑπερβαλόμενοι
862 2496 964 2560 Salios
988 2504 1102 2581 petunt
1122 2497 1287 2577 Saxones),
1300 2497 1424 2578 Franci,

304 2611 359 2692 qni
384 2610 514 2672 alteram
539 2607 644 2690 ἔφοδον
665 2617 843 2674 metuentes
856 2632 874 2674 a
887 2612 1024 2674 transitu
1039 2610 1258 2694 prohibuerint
1271 2610 1423 2689 Saxones,

304 2743 366 2786 nou
392 2743 461 2787 esse
485 2744 548 2786 uon
570 2732 706 2807 possunt
719 2723 893 2803 Chamavi3
914 2726 1022 2807 itaque
1035 2726 1141 2787 omnia
1155 2725 1268 2787 haecce
1279 2723 1422 2807 aliquan·

303 2840 402 2920 tisper
425 2845 495 2920 post
519 2839 740 2922 expeditiones
764 2841 782 2900 2
804 2846 835 2903 et
857 2841 875 2900 3
888 2838 971 2902 facta
984 2845 1069 2916 sunt,
1082 2859 1107 2902 s.
1120 2859 1147 2901 v.
1161 2858 1186 2900 a.
1200 2857 1332 2922 prorsus
1345 2839 1425 2901 aliae

303 2969 353 3013 res
376 2963 453 3013 sunt
476 2969 539 3029 eae,
563 2952 602 3013 de
622 2951 741 3035 quibus
754 2951 839 3034 apud
850 2951 1019 3015 Julianum
1034 2952 1240 3014 Ammianum
1255 2949 1423 3013 Libanium

303 3065 440 3146 legimus
463 3084 500 3127 ac
524 3085 607 3148 quae
630 3085 648 3128 a
668 3065 795 3129 Zosimo
807 3065 1043 3129 deseribuntur.
1061 3064 1296 3145 „Vehementer
1308 3063 1426 3144 erras'’,

303 3179 375 3240 sica
389 3177 538 3242 anonruo
552 3180 732 3261 compellor,
748 3180 825 3259 „das
837 3171 919 3251 αὖθις
932 3179 1055 3243 bezieht
1068 3180 1135 3242 sich
1151 3178 1360 3242 unbestimmt
1371 3177 1429 3240 auf

303 3292 353 3354 die
378 3291 662 3356 iiberrheinischen
687 3292 807 3356 Vblher
831 3292 1021 3376 uberhaupt,
1045 3311 1087 3356 zu
1112 3293 1215 3356 denen
1241 3291 1424 3355 auchdiese

303 3403 449 3468 Franhen
478 3407 626 3488 gehbren‚
649 3407 754 3470 indem
780 3426 814 3470 es
838 3405 1062 3469 zurnckblickt
1085 3406 1143 3469 auf
1163 3407 1224 3469 den
1250 3425 1313 3468 von
1339 3404 1425 3468 Zosi-

305 3539 376 3582 mus
410 3518 570 3583 erztihlten
606 3519 706 3603 Krieg
740 3519 822 3583 κοοτοὶ
856 3523 906 3583 τοῦ
941 3523 1122 3599 Γερμανικοῦ
1147 3520 1260 3591 uuerde
1274 3523 1304 3598 ³),
1339 3521 1427 3600 ipsae

302 3634 402 3715 igitur
435 3631 455 3695 J
460 3633 559 3696 uliani
592 3653 641 3697 res
664 3640 773 3717 gestae
796 3640 907 3697 contra
931 3632 1109 3697 Chamavos
1132 3638 1320 3712 tractantur,
1342 3636 1427 3694 recte

305 3765 419 3809 nomen
456 3747 546 3829 pouit
580 3745 757 3830 Eunomus,
791 3746 872 3810 falso
908 3745 1037 3822 Quados
1069 3749 1214 3831 nominat
1248 3743 1427 3810 Zosimus'’

306 3903 448 3910 --—-—

337 3995 364 4057 1)
383 3995 460 4045 Saliis
486 4009 566 4044 suurn
593 3994 647 4058 jam
667 4010 762 4045 nornen
783 3995 953 4056 habentibus,
971 3995 992 4044 si
1011 3995 1044 4044 de
1061 3994 1201 4045 Chamavis
1221 3996 1366 4059 loquimur,
1384 4009 1428 4043 eos

304 4088 380 4149 solos,
399 4085 488 4150 quiin
508 4085 618 4149 antiqua
640 4087 724 4148 patria
745 4090 942 4148 remanserunt,
961 4087 1011 4136 hac
1031 4101 1094 4136 voce
1112 4086 1303 4150 significamus.

335 4176 363 4239 2)
381 4177 453 4236 Quod
475 4182 552 4240 putat
570 4177 645 4228 Kocu
663 4178 699 4227 Η.
719 4192 743 4241 p.
761 4176 801 4227 23.

336 4267 365 4331 3)
382 4269 417 4319 l.l.
445 4284 469 4332 p.
498 4267 553 4328 190,
581 4270 614 4318 ci.
649 4268 848 4318 Menoncssoun
866 4268 892 4316 iu
918 4267 1033 4317 editione
1053 4268 1156 4318 Zosimi.
1176 4284 1199 4332 p.
1219 4267 1269 4318 118
1286 4283 1333 4331 sq..
1351 4268 1428 4332 cujus

304 4359 394 4422 opinio
420 4364 446 4408 et
473 4360 505 4408 de
532 4359 646 4408 Cauchis
665 4364 691 4408 et
709 4360 741 4408 de
759 4359 900 4409 Chamavis
918 4359 958 4422 agi
979 4359 1043 4408 satis
1061 4359 1196 4409 refutatur
1216 4375 1230 4408 a
1251 4360 1354 4410 iiccmo
1372 4360 1392 4424 (1
1404 4360 1429 4422 l.,

305 4467 330 4515 p.
348 4450 377 4500 21
399 4450 459 4514 sq.),
477 4451 524 4514 qui
541 4448 606 4506 abiar
615 4451 646 4500 ad
657 4451 853 4514 expeditionem
863 4449 874 4498 i
885 4451 968 4501 refert
978 4449 1010 4501 ab
1021 4451 1141 4514 Eunapio
1150 4455 1222 4501 certe
1233 4467 1286 4501 non
1296 4451 1430 4502 omissam.

1444 2077 1447 2082 ·
