3244 5296
811 569 874 632 136

280 755 386 821 diuino
407 756 587 821 admonitus
610 756 761 820 instinctu
781 774 869 819 onoc
891 753 1006 818 11001010
1025 760 1138 839 quarto
1156 751 1295 835 01001001
1311 752 1403 832 prin-

280 869 365 954 cipis,
399 869 553 934 adrentus
586 889 657 934 vero
691 867 868 951 Aeniorum
901 867 937 932 in
965 866 1172 932 Britanniam
1194 866 1317 930 circiter
1341 864 1404 947 OL,

280 984 366 1048 misit
387 1001 509 1048 ameum
534 982 585 1048 dei
607 983 821 1065 Augustinum
843 1000 868 1046 0.
883 1003 911 1066 q.
925 1002 948 1046 0.

324 1094 472 1160 lllauricii
507 1115 614 1160 annus
649 1097 794 1160 decimus
830 1099 965 1179 quartus
1002 1096 1065 1158 597
1102 1099 1166 1173 001;
1203 1093 1405 1157 advenerunt

280 1209 379 1292 igitur
412 1208 514 1292 Angli
544 1209 670 1273 circiter
693 1228 777 1272 anno
801 1209 877 1272 447.
901 1207 973 1271 1100
999 1208 1038 1272 de
1061 1210 1131 1292 ipso
1155 1226 1240 1270 anno
1264 1207 1326 1269 447
1353 1225 1404 1268 00-

280 1323 399 1407 gitasse
434 1322 554 1387 Bedam
590 1341 608 1386 0
642 1322 796 1387 vocabulo
832 1321 998 1404 „circiter”
1031 1321 1159 1386 abunde
1182 1325 1321 1404 apparet,
1345 1340 1404 1382 00-

282 1454 405 1500 merum
441 1436 626 1518 rotundum,
661 1443 695 1500 ut
731 1436 879 1516 dicimus,
912 1436 1032 1499 indicat
1062 1454 1221 1498 annorum
1244 1435 1329 1498 inter
1351 1433 1405 1496 ad·

281 1555 414 1614 ventum
439 1549 618 1633 Anglorum
642 1555 675 1614 et
697 1549 874 1632 Augustini
896 1549 1096 1632 elapsurum,
1120 1567 1193 1612 cum
1216 1549 1294 1612 10010
1308 1567 1406 1630 supra

282 1665 425 1727 tractatis
457 1664 508 1726 hic
532 1681 662 1746 quoque
686 1664 842 1746 congruit.
867 1661 939 1726 Non
964 1667 1069 1727 tamen
1096 1663 1236 1726 multum
1262 1660 1403 1725 tribuen-

283 1777 360 1842 dum
396 1795 465 1841 esse
500 1778 528 1840 ei
565 1776 657 1857 lacto,
692 1777 778 1860 quod
813 1796 886 1840 cum
920 1775 1012 1840 Gilda
1045 1777 1104 1839 hac
1128 1778 1161 1838 in
1186 1795 1220 1840 re
1243 1776 1406 1858 conspirat

282 1890 381 1972 Beda,
423 1889 619 1955 Moumsuuus
654 1893 782 1973 pulat¹l
818 1890 951 1954 credens
987 1889 1107 1953 Bedam
1146 1890 1220 1952 inde
1254 1889 1404 1972 epocham

284 2004 522 2085 determinasse,
553 2005 637 2088 quod
670 2005 756 2068 Aetii
788 2009 837 2067 ter
860 2003 1003 2068 consulis
1027 2003 1183 2067 adversus
1204 2002 1348 2066 Saxones
1372 2005 1405 2064 10

283 2116 445 2180 auxilium
470 2116 573 2180 vocati
596 2116 681 2200 apud
706 2115 831 2180 Gildam
859 2117 1053 2180 mentionem
1073 2117 1200 2199 reperit,
1212 2135 1285 2180 eum
1299 2121 1405 2179 autem

283 2232 318 2293 10
341 2228 434 2294 libris
457 2230 538 2294 vidit
561 2231 690 2294 tertium
715 2230 919 2294 consulatum
943 2231 1081 2311 gessisse
1105 2248 1190 2292 0000
1202 2229 1277 2311 446,
1290 2227 1408 2292 obiisse

285 2362 369 2407 anno
394 2345 468 2406 454.
493 2341 564 2419 Qua
587 2345 621 2406 in
645 2362 775 2407 recum
800 2344 869 2406 viro
893 2343 1071 2406 clarissimo
1092 2323 1253 2406 sterenon
1268 2361 1408 2425 possum.

284 2456 365 2522 Nam
394 2458 525 2520 omnino
549 2477 614 2520 000
638 2463 749 2521 contra
773 2456 919 2521 Saxones
943 2458 1060 2521 Aetius
1084 2463 1119 2520 ut
1143 2457 1302 2520 auxilium
1327 2456 1407 2520 ferat

284 2576 425 2655 rogatur,
455 2571 510 2635 sed
537 2571 692 2635 adversus
716 2571 827 2636 Scotos
851 2569 1033 2654 Pictosque.
1058 2569 1138 2634 Cum
1163 2569 1328 2634 Saxonum
1353 2569 1407 2632 ad-

285 2691 385 2749 ventu
421 2686 611 2770 legationem
644 2685 683 2748 ad
715 2686 847 2748 Aetium
872 2686 1067 2768 conjungere
1092 2704 1156 2747 000
1181 2685 1285 2767 potuit
1308 2683 1410 2765 Beda,

285 2798 366 2861 nihil
402 2799 489 2863 aliud
524 2799 609 2882 apud
644 2798 771 2862 Gildam
803 2800 974 2863 inveniens
1006 2817 1103 2882 quam
1127 2797 1214 2881 quod
1238 2817 1297 2860 nos
1321 2815 1408 2860 nunc

287 2931 417 2996 quoque
448 2912 595 2996 legimus,
622 2913 731 2995 aliquo
756 2918 899 2996 tempore
925 2915 1010 2992 (nam
1035 2915 1169 2976 interest
1192 2918 1330 2995 tempus,
1353 2929 1408 2994 per

287 3027 374 3110 quod
398 3028 474 3090 victi
498 3026 537 3090 ab
561 3029 639 3111 ipsis
664 3027 830 3091 Britannis
854 3028 962 3092 hostes
986 3045 1094 3110 pacem
1121 3031 1222 3110 agunt
1234 3031 1405 3108 antequam

287 3159 401 3203 rursus
436 3141 579 3205 incursio
614 3160 725 3205 eorum
762 3142 941 3220 nuntiatur)
973 3146 1044 3225 post
1067 3141 1225 3204 auxilium
1250 3139 1289 3204 ab
1313 3141 1408 3204 Aetio

289 3258 439 3336 negatum
461 3255 648 3319 orientalem
669 3256 796 3320 insulae
808 3261 928 3338 partem
943 3273 1118 3338 occupasse
1130 3253 1293 3333 Saxones;
1308 3273 1409 3337 quan·

287 3372 356 3430 tum
380 3370 531 3451 temporis
555 3374 661 3432 autem
686 3369 718 3432 id
742 3369 848 3451 fuerit,
872 3389 935 3432 000
957 3370 1089 3450 invenit,
1110 3387 1216 3450 neque
1237 3368 1410 3431 ullacausa

289 3487 355 3545 erat
390 3483 475 3564 quod
519 3483 558 3545 ad
594 3482 718 3545 Gildam
756 3483 878 3563 attinet,
915 3502 973 3545 cur
1009 3481 1170 3545 Marciano
1206 3483 1409 3565 potissimum

288 3596 490 3678 imperitante
520 3594 603 3659 facta
633 3597 711 3660 haec
735 3614 805 3660 esse
827 3601 969 3678 putaret;
995 3595 1121 3658 Gildarn
1146 3596 1251 3659 solum
1276 3600 1408 3658 secutus

288 3712 362 3771 ante
382 3710 447 3771 449
460 3713 490 3772 01
504 3709 649 3790 postibi
665 3711 792 3773 venisse
804 3708 950 3773 Saxones
970 3709 1098 3773 credere
1111 3709 1277 3791 potuisset,
1289 3726 1326 3771 eo
1339 3709 1408 3790 ipso

290 3839 374 3902 vero,
409 3821 494 3904 quod
520 3820 673 3885 Marciani
696 3825 787 3906 regni
811 3828 945 3886 aetatem
971 3823 1123 3902 nominat,
1147 3821 1278 3884 aliunde
1302 3821 1410 3902 cogni·

290 3940 358 3999 tum
402 3934 463 4000 sibi
501 3955 571 3999 esse
606 3937 787 4000 luculenter
822 3937 960 4000 declarat
995 3956 1059 3999 000
1095 3941 1170 4000 0010
1204 3935 1269 3997 449
1306 3953 1411 4016 neque

290 4056 362 4132 post
396 4050 459 4111 457
486 4051 541 4114 sed
565 4051 644 4133 ipsis
669 4051 757 4114 hisce
779 4053 873 4114 annis
897 4056 1083 4133 occupatam
1108 4067 1179 4113 esse
1202 4048 1412 4112 Britanniam.

290 4164 401 4248 Ipsum
432 4185 552 4229 annum
581 4165 751 4246 nesciebat,
779 4166 888 4248 itaque
911 4170 1033 4248 septem
1059 4162 1215 4226 Marciani
1237 4181 1339 4226 annus
1362 4162 1410 4224 in-

289 4279 422 4359 dicabat,
446 4280 477 4343 id
504 4279 590 4362 quod
614 4281 708 4342 etiam
733 4279 925 4342 documento
949 4284 997 4342 ast
1021 4296 1084 4340 000
1105 4281 1322 4339 commentum
1337 4295 1406 4339 esse

291 4435 435 4442 —-—

325 4528 351 4592 l)
371 4528 405 4579 l.l.
425 4544 448 4592 p.
467 4527 524 4580 me.
