3244 5296
843 803 883 867 V.

346 990 485 1056 Vasoula
519 1011 548 1074 q.
572 991 601 1055 d.
624 991 887 1074 Anglosaxonioa
915 992 949 1054 in
969 989 1137 1055 Britannia
1155 997 1280 1075 reperta
1301 994 1422 1057 arefius

300 1105 469 1171 cohaerent
491 1123 566 1168 oum
584 1106 635 1187 iis,
655 1105 791 1188 quaein
809 1105 913 1188 patria
931 1110 1049 1186 nostra,
1069 1124 1167 1189 qnam
1186 1124 1260 1169 oum
1275 1106 1327 1187 iis,
1339 1123 1424 1190 quae

300 1220 335 1282 in
359 1220 490 1303 antiqua
513 1217 694 1304 Anglornm
718 1219 820 1302 patria
842 1220 1066 1283 inveniuntur.

837 1416 892 1480 v1.

345 1603 453 1685 Sosyli
480 1603 696 1688 fragmentum
728 1603 985 1688 Viroeburgense
1015 1601 1079 1667 Col.
1103 1602 1154 1666 111
1178 1603 1219 1667 ad
1242 1603 1423 1668 seeundum

301 1719 384 1784 diem
408 1736 535 1802 pugnae
556 1717 641 1801 apud
663 1718 874 1782 Artemisium
897 1716 999 1780 factae
1021 1715 1227 1781 referendum
1254 1716 1389 1782 videtur.

829 1916 901 1980 VH.

343 2104 465 2187 Injuria
500 2104 618 2168 Belonh
653 2103 717 2184 (Gr.
749 2103 862 2168 Gesch.
895 2102 921 2182 Ι,
949 2123 977 2187 p.
1002 2105 1078 2182 458)
1101 2110 1199 2166 totam
1222 2102 1420 2184 Thucydidis

299 2219 514 2282 narrationem
556 2217 595 2281 de
638 2218 799 2281 moenium
841 2217 1091 2281 Atheniensium
1132 2214 1353 2280 aedificatione
1386 2215 1423 2298 (L

302 2331 445 2409 89-93)
471 2333 582 2413 rejicit.

821 2467 910 2531 VIII.

345 2655 453 2720 Minus
487 2662 573 2719 recte
606 2655 645 2720 de
675 2655 793 2719 Pisone
829 2655 973 2739 Pompeji
997 2655 1180 2719 adversario
1203 2658 1270 2738 agit
1293 2654 1423 2720 Cassius

302 2768 364 2833 Dio
387 2769 558 2851 (XXXVI,
582 2769 644 2848 20).

835 2918 894 2983 IX.

343 3105 391 3170 De
424 3106 633 3170 Enneacruno
657 3125 755 3188 agens
778 3105 961 3170 Nicolaides
985 3105 1076 3189 (Eph.
1102 3107 1197 3170 Aron.
1227 3108 1322 3185 1893)
1348 3126 1419 3191 pro-

300 3219 418 3283 babilia
441 3239 506 3284 non
529 3219 636 3283 attulit
658 3227 855 3302 argumenta.

813 3417 883 3481 ·X.

344 3593 521 3657 Vasoulum
544 3596 666 3677 pictum
687 3593 768 3658 Mus.
781 3529 890 3677 jhugd.
911 3594 980 3658 Bat.
999 3594 1041 3676 IL
1067 3595 1153 3657 1694
1164 3593 1242 3673 (cat.
1254 3594 1378 3676 XVII³‚
1392 3597 1421 3674 l)

301 3706 341 3770 ad
363 3706 481 3771 Talidis
505 3706 647 3770 scholam
672 3709 817 3791 pertinet.

832 3893 892 3957 XI.

343 4057 395 4119 Ex
426 4058 621 4120 ornamentis
648 4058 827 4140 imaginum
862 4057 1168 4140 palaeolithioarum‚
1200 4075 1283 4140 quae
1306 4063 1421 4122 tractat

299 4171 397 4235 Muoh
438 4169 509 4248 (Die
546 4170 823 4253 Trugspiegelung
856 4170 1096 4235 orientalischer
1133 4168 1254 4235 Kuitnr
1287 4172 1322 4233 in
1358 4171 1419 4235 den

298 4284 626 4368 vorgesohiohtliohen
657 4282 827 4347 Zeitaltern
858 4282 960 4346 Nord-
985 4284 1051 4346 und
1076 4282 1362 4367 Mittel-Europa's
1390 4305 1422 4368 p.

298 4399 340 4460 62
376 4402 466 4482 sqq.)‚
500 4399 598 4462 statui
634 4416 697 4460 non
732 4403 837 4480 potest
868 4415 919 4460 res
951 4399 1048 4481 ipsas,
1077 4417 1157 4481 quas
1182 4399 1241 4462 hae
1264 4399 1421 4482 imagines

299 4516 549 4596 repraesentant,
573 4512 683 4575 eodem
711 4511 804 4575 modo
828 4517 955 4576 ornatas
978 4510 1087 4576 fuisse.
