3240 5304
858 547 899 608 76

310 732 547 815 ineptissimum
582 732 697 797 fuisset
733 734 760 796 si
792 734 865 815 quis
900 732 1022 795 horreis
1047 732 1214 794 instructis
1237 729 1435 794 frumentum

311 844 391 908 iilud
416 843 537 908 Galliae
560 845 754 909 destinatum
769 839 791 923 ¹)
816 844 998 908 nouaclum
1014 844 1171 926 usquead
1186 842 1435 926 Mogontiacum,

312 958 369 1021 sed
403 959 498 1022 etiam
534 977 588 1042 per
622 961 819 1040 superiorem
855 957 958 1021 Rheni
985 963 1117 1040 partem,
1139 958 1194 1021 ubi
1217 959 1349 1021 minime
1372 956 1437 1019 frn-

315 1076 421 1134 mento
452 1071 506 1135 iilo
539 1091 619 1154 opus
654 1078 730 1154 erat,
764 1074 796 1134 in
833 1073 920 1156 ipsas
955 1072 1094 1134 hostium
1121 1077 1220 1135 terras
1241 1071 1438 1135 devexisset!

313 1185 549 1267 ineptissimum
574 1186 645 1248 dico
670 1191 701 1249 et
725 1183 858 1249 Juliauo
882 1186 1155 1268 indignissimum.

358 1295 419 1360 Sed
450 1304 572 1361 restant
595 1298 658 1362 duo
682 1299 736 1361 alii
760 1297 865 1362 fontes
890 1298 1032 1362 nondum
1057 1299 1193 1377 tractati,
1217 1297 1385 1380 Eunapius
1409 1305 1439 1361 et

314 1409 471 1491 Zosimus,
502 1431 640 1494 quorum
675 1413 761 1476 hunc
785 1431 826 1474 ex
849 1412 904 1475 iilo
929 1413 1077 1475 hausisse
1100 1413 1178 1475 satis
1202 1407 1372 1490 constat2).
1398 1413 1440 1474 At

313 1522 453 1607 Eunapii
495 1544 596 1607 pauca
641 1526 864 1589 tantummodo
898 1524 1077 1608 fragmenta
1113 1527 1241 1608 cognita
1277 1525 1440 1606 habemus,

314 1633 422 1700 Zosrur
464 1638 619 1720 integram
666 1638 892 1719 narrationem,
930 1657 1012 1721 quae
1048 1638 1101 1701 hic
1135 1639 1236 1721 igitur
1271 1639 1357 1721 prior
1393 1657 1439 1702 se·

315 1750 428 1832 quitur
441 1746 472 1826 ³).

359 1867 421 1926 Τοῦ
457 1863 556 1938 Ῥνίνου
581 1865 651 1944 πρὸς
675 1871 745 1937 ταῖς
775 1865 939 1944 έσχατιαίς
969 1873 1025 1939 τῆς
1049 1863 1214 1942 Γερμανίας
1242 1860 1333 1948 (όπερ
1357 1862 1438 1928 ἐστίν

315 1973 390 2049 έόνος
424 1978 609 2062 Γαλατικὸν)
636 1977 676 2050 είς
699 1979 733 2042 τό
758 1978 945 2042 Ατλαντιιιδν
970 1977 1107 2054 πέλαγος
1129 1976 1292 2049 ἐκδιδόντος
1307 2027 1313 2039 .
1329 2027 1336 2038 .
1352 2027 1381 2041 ..
1408 1979 1441 2040 έκ

315 2093 372 2152 τῶν
397 2089 462 2169 περί
486 2090 534 2154 τόν
559 2091 697 2168 ποταμόν
722 2091 798 2154 ὑλῶν
821 2088 901 2165 ξύλα
923 2091 1102 2168 συναγαγὼν
1122 2089 1286 2154 όκτακόσια
1299 2089 1331 2174 ⁴)
1347 2114 1440 2154 κατε-

315 2201 444 2266 σκεύασε
467 2209 562 2267 πλοῖα
578 2253 584 2265 .
600 2250 607 2266 .
624 2255 629 2268 .
646 2254 651 2265 .
678 2203 782 2268 ταῡτοί
806 2228 841 2268 τε
864 2204 903 2277 είς
919 2205 972 2278 riu
984 2203 1164 2284 Βρεττανίαν
1177 2203 1342 2282 ἐκπέμψας
1354 2203 1440 2281 κομί-

313 2313 415 2394 ζεσθαι
440 2322 521 2380 σίπον
546 2317 649 2382 έποίεν
676 2317 727 2382 καί
751 2323 855 2382 τοῦτον
879 2326 942 2390 τοῖς
967 2317 1126 2391 ποταμίοις
1147 2317 1258 2390 πλοίοις
1277 2316 1440 2395 οίνιίγεσόαι

314 2427 365 2491 διόι
396 2432 448 2492 τοῦ
481 2429 579 2503 Ῥήνου
609 2429 841 2510 παρασκευάζων
865 2431 953 2495 τοῦτό
972 2455 1006 2495 τε
1030 2434 1117 2493 ποιῶν
1141 2429 1352 2509 συνεχέστερον
1367 2480 1373 2492 .
1390 2480 1395 2493 .
1412 2479 1440 2492 ..

315 2539 416 2620 ἤρκεσε
451 2548 520 2615 ταῖς
555 2542 677 2615 οἰκείαις
712 2543 833 2608 πόλεσιν
869 2543 911 2616 είς
941 2545 973 2608 τό
1004 2543 1055 2608 καί
1078 2549 1172 2624 τροφῇ
1196 2543 1365 2622 χρίσασθαι
1390 2543 1441 2606 καί

315 2661 435 2735 σπεῖραι
460 2654 513 2727 τίιν
536 2662 592 2734 γῆν
617 2656 667 2721 καί
692 2654 785 2736 όιχρις
808 2659 926 2734 οίμκτοῦ
948 2657 991 2721 πα
1009 2657 1169 2731 ἐπιτήδεια
1194 2655 1288 2736 ἔχειν.

358 2769 456 2834 Nulla
498 2772 596 2856 igitur
628 2772 666 2834 de
702 2771 891 2835 difficultate
924 2774 1034 2854 aliqua
1071 2774 1103 2834 in
1140 2771 1302 2835 frumento
1338 2777 1440 2835 trans-

316 2884 471 2948 mittendo
523 2883 559 2947 fit
602 2886 728 2948 mentio.
773 2883 889 2948 Contra
932 2886 1080 2967 sequenti
1124 2886 1321 2968 paragrapho
1358 2905 1442 2968 quae

315 2999 468 3082 leguntur
491 2999 575 3081 apud
608 2997 781 3078 Zosimum‚
813 2998 903 3061 nullo
937 2998 1032 3062 modo
1066 3018 1139 3061 cum
1178 2998 1443 3082 praecedentibus

316 3111 497 3174 cohaerent.

361 3221 483 3288 Πιίντων
528 3224 559 3288 δὲ
606 3224 664 3309 (ὡς
698 3225 811 3309 εἰπεῖν)
837 3228 893 3288 τῶν
924 3223 1025 3288 αὐτόόι
1062 3223 1221 3304 βαρβαρων
1252 3223 1440 3301 οίπογνόντων

315 3337 419 3402 ἐλπίδι
443 3335 527 3418 adop
545 3389 549 3400 .
566 3385 573 3400 .
588 3389 617 3403 ..
641 3335 781 3413 Σοίξονες,
805 3338 830 3401 οἱ
856 3336 977 3402 πιόντων
998 3336 1033 3410 δὴ
1046 3337 1259 3417 καρτερώτατον
1273 3341 1329 3401 τῶν
1343 3339 1439 3401 ἐκεῖσε

317 3451 481 3529 νεμομένων
513 3451 671 3532 βαρβαρων
688 3503 694 3517 .
711 3502 716 3514 .
732 3499 761 3516 ..
787 3451 944 3526 Κουιίδους,
970 3459 1073 3532 μοῖραν
1097 3455 1182 3532 σφῶν
1207 3450 1304 3524 όντας,
1324 3452 1366 3524 είς
1389 3450 1443 3523 riu

317 3565 377 3629 ὑπὸ
402 3565 553 3644 Ῥωμαίων
577 3566 787 3646 κατεχομένην
812 3567 1000 3644 ἐκπέμπουσι
1026 3576 1092 3643 γῆν.
1118 3567 1143 3629 oi
1167 3567 1198 3630 δὲ
1220 3565 1441 3646 ὑπόΦροίγγων

314 3677 422 3757 ὁμόρων
445 3678 548 3751 αὐτοῖς
572 3677 658 3743 όντων
682 3678 860 3754 κωλυόμενοι
887 3679 1028 3757 διαβῆναι
1050 3679 1174 3744 δέειτοῦ
1195 3680 1237 3757 μὴ
1259 3680 1299 3759 τῷ
1313 3679 1439 3759 Καίσαρι

317 3791 415 3856 δοῦναι
444 3789 563 3854 δικαίαν
586 3791 689 3856 αἰτίαν
713 3800 768 3866 τῆς
792 3792 861 3856 κατ’
888 3793 984 3855 αὐτῶν
1008 3787 1091 3865 αὖθις
1115 3791 1233 3873 ἐφόδου,
1258 3798 1350 3856 πλοῖα
1373 3815 1442 3855 ναυ-

316 3902 523 3981 πκχκσοέμενοι
558 3903 610 3967 καί
646 3904 696 3968 διόι
730 3909 780 3968 τοῦ
816 3906 915 3979 Ῥήνου
947 3906 1000 3978 τὴν
1034 3905 1092 3969 ὑπὸ
1125 3905 1270 3985 Φριίγχων
1294 3905 1443 3984 ε’χομένκν

350 4225 376 4288 1)
394 4225 521 4274 Lihauius
540 4225 574 4276 1.1.
593 4224 626 4275 83
644 4224 685 4289 (F.
704 4224 763 4286 271,
780 4226 809 4274 R.
829 4223 908 4287 549).

349 4315 376 4376 ςδ)
395 4317 453 4366 viu.
473 4317 556 4366 Koch.
575 4316 612 4366 l.i.
631 4332 655 4380 p.
674 4315 706 4365 iu
725 4332 781 4380 sqq.

351 4407 379 4472 3)
398 4409 452 4458 Zos.
471 4409 518 4469 ΙΙΙ,
535 4408 620 4472 5sqq.

353 4499 380 4561 4)
399 4499 542 4550 Sexcentas
560 4499 617 4563 ipse
634 4499 757 4550 Julianus
776 4500 839 4551 dicit
859 4501 942 4551 fuisse
960 4517 1050 4552 naves.
