3240 5304
753 553 789 618 11

209 740 451 807 Bellovacorum
476 741 557 809 fines
581 745 615 807 in
639 717 818 808 hmbianos
841 743 1019 808 exercitum
1045 742 1177 806 duceret
1192 745 1221 822 ¹).
1244 738 1332 805 Haec

208 858 286 922 dum
321 864 477 940 tenemus,
512 858 655 922 Morinos
689 858 722 921 in
758 857 908 921 Flandria
938 856 1108 938 habitasse,
1139 855 1274 920 Pomm
1298 855 1331 918 in

210 973 449 1036 enumeratione
471 974 616 1056 gentium
640 977 750 1037 extera
774 972 947 1036 colentium
972 970 1074 1036 afine
1093 969 1333 1054 septentrionali

208 1086 359 1168 incipere,
382 1091 453 1170 post
476 1085 619 1150 Morinos
642 1091 750 1150 autem
770 1086 810 1150 ad
824 1085 988 1150 meridiem
1001 1084 1069 1166 (sed
1082 1083 1331 1167 semperseriem

210 1205 397 1283 sequentem
432 1202 635 1281 exteriorem)
670 1220 705 1266 se
739 1205 873 1282 vertere,
907 1219 971 1265 non
992 1203 1128 1283 possunt
1151 1216 1216 1262 non
1241 1197 1333 1262 sedes

211 1311 370 1395 habuisse,
405 1334 489 1397 quae
519 1320 593 1379 ante
624 1313 766 1380 Morinos
789 1315 998 1378 nominantur
1021 1314 1176 1392 nationes,
1198 1312 1231 1375 in
1257 1310 1334 1374 Bra·

211 1426 318 1490 bantia
341 1429 506 1511 provincia
530 1435 646 1492 nostra.
670 1427 798 1492 Terram
822 1429 907 1492 intra
930 1425 1080 1492 Rhenum
1105 1431 1136 1490 et
1158 1424 1281 1490 Mosam
1303 1429 1335 1503 (a

212 1543 309 1605 latere
332 1542 477 1606 orientali
501 1545 570 1625 eJus
595 1521 790 1626 provinciae)
814 1541 1011 1606 Batavorum
1024 1539 1179 1604 finitimos
1192 1539 1336 1603 tenuisse

213 1652 376 1738 Cugernos
411 1655 494 1720 infra
528 1656 726 1721 videbimus:
763 1656 831 1720 sola
864 1657 963 1740 igitur
994 1653 1168 1718 Brabantia
1197 1655 1230 1717 iu
1254 1653 1336 1718 serie

211 1774 321 1833 extera
353 1768 510 1853 Menapiis
540 1769 807 1854 Texuandrisque
837 1775 944 1850 restat,
972 1771 1067 1853 cujus
1091 1767 1231 1852 regionis
1253 1766 1336 1848 illos,

212 1902 326 1966 nempe
370 1883 567 1949 Morinorum
611 1886 816 1968 propinquos,
846 1889 967 1968 partem
1004 1882 1243 1962 occidentalem,
1277 1881 1336 1945 hos

213 1997 398 2061 orientalem
433 2002 551 2082 (usque
584 1998 625 2063 ad
659 1997 782 2062 Mosam
817 2000 929 2081 igitur)
964 1999 998 2061 in
1034 1997 1154 2061 ditione
1185 1994 1337 2059 habuisse

214 2118 328 2195 sponte
369 2114 525 2198 seqnitur.
568 2111 715 2190 Quocum
754 2114 874 2196 optime
907 2111 1067 2192 convenit,
1103 2109 1189 2194 qnod
1225 2107 1336 2172 Civilis

214 2229 322 2308 copias
357 2245 434 2290 suas
469 2225 591 2290 Mosam
627 2245 753 2290 amnem
778 2227 914 2290 transire
933 2224 1035 2307 jobet,
1059 2229 1096 2288 ut
1119 2222 1283 2306 Menapios
1306 2227 1338 2285 et

215 2337 357 2403 Morinos
391 2345 423 2404 et
457 2346 590 2404 externa
621 2340 799 2404 Galliarum
824 2343 971 2424 quateret
981 2335 1015 2417 ²).
1040 2337 1201 2402 Extrema
1216 2335 1339 2400 Galliae

149 2454 151 2458 ’
216 2451 354 2537 Menapii
378 2454 561 2539 Moriniqne
583 2458 677 2520 etiam
699 2454 845 2520 Caesaris
865 2459 967 2519 aetate
985 2454 1112 2518 fuerant
1125 2450 1158 2534 Ι),
1171 2451 1227 2516 sed
1239 2451 1336 2515 alium

215 2568 320 2631 locum
344 2569 392 2631 illi
416 2575 484 2633 turn
509 2569 667 2634 tenebant.
693 2569 772 2633 Nam
799 2568 948 2652 Usipetes
972 2574 1003 2632 et
1025 2567 1170 2632 Tencteri
1188 2565 1338 2631 Rhenum

215 2683 411 2746 transierunt
444 2703 507 2776 non
539 2684 635 2767 longe
659 2704 677 2747 a
700 2682 826 2765 merit),
850 2703 931 2767 quas
956 2683 1103 2766 regiones
1127 2680 1264 2764 Menapii
1290 2681 1337 2743 in·

216 2795 371 2879 colebant,
406 2802 437 2860 ot
470 2797 509 2860 ad
545 2801 715 2880 utramque
749 2799 850 2880 ripam
886 2795 1042 2861 flumimis
1076 2813 1168 2878 agros
1192 2790 1339 2858 aedificia

216 2911 370 2993 vicosque
394 2907 599 2990 habebantlt.
622 2909 684 2974 Sed
708 2915 818 2993 postea
841 2910 933 2974 sedes
959 2914 1101 2972 mutasse
1124 2926 1178 2971 eos
1201 2926 1266 2970 non
1292 2912 1339 2970 est

218 3024 304 3107 quod
328 3025 491 3106 miremur,
513 3026 675 3108 quiajam
698 3026 769 3107 ipso
792 3022 938 3088 Caesaris
964 3029 1106 3106 tempore
1130 3041 1171 3085 ex
1194 3023 1234 3084 iis
1254 3020 1339 3084 aedi-

215 3136 297 3202 ficiis
329 3156 412 3221 quae
445 3143 534 3202 trans
567 3137 717 3202 Rhenum
753 3136 931 3201 habuerant
955 3136 1217 3219 demigraverunt
1239 3140 1270 3198 et
1294 3135 1340 3198 cis

216 3249 365 3314 Rhenum
386 3252 549 3335 dispositis
564 3249 731 3334 praesidiis
745 3249 921 3315 Germanos
934 3250 1072 3314 transire
1084 3246 1294 3332 prohibebant
1308 3243 1340 3324 ⁶).

216 3364 296 3428 Tum
321 3367 354 3428 in
380 3367 570 3449 migratione
593 3365 648 3429 illa
672 3364 855 3447 exemplum
881 3363 921 3428 ab
944 3364 1016 3427 aliis
1039 3363 1183 3445 ejusdem
1207 3361 1341 3444 originis

216 3478 366 3561 gentibus
390 3480 500 3542 datum
525 3480 628 3543 secuti
648 3484 742 3544 sunt:
756 3479 908 3560 maJorem
923 3476 1087 3540 Gallorum
1102 3474 1342 3557 Belgarumque

218 3599 338 3676 partem
364 3593 527 3677 quondam
551 3599 639 3657 trans
663 3592 812 3656 Rhenum
837 3590 998 3655 habitasse
1021 3589 1076 3654 sed
1098 3588 1267 3653 Germanis
1287 3606 1341 3653 eos

219 3707 454 3791 expellentibus
484 3705 632 3771 Rhenum
664 3707 831 3770 transiisse
855 3703 1056 3787 Galliamque
1079 3721 1254 3787 occupasse
1277 3720 1341 3764 non

224 3927 366 3936 ——u——-

252 4070 280 4134 i)
299 4070 328 4120 B.
347 4069 494 4136 G.‚11‚13,
512 4069 553 4121 15.

252 4161 281 4226 Ι)
298 4163 357 4212 Tac.
379 4161 456 4225 ilisa,
473 4161 515 4226 IV,
533 4159 575 4211 28.

252 4251 280 4317 3)
299 4253 326 4302 B.
345 4251 384 4314 G.‚
401 4252 445 4315 111,
464 4252 507 4302 28.

253 4343 280 4408 l)
298 4344 345 4404 lb.‚
362 4343 406 4407 Ill,
425 4343 449 4394 l.

252 4434 279 4499 5)
297 4435 344 4498 Ib.‚
360 4434 404 4498 Ill,
420 4435 445 4486 4.

253 4525 282 4591 6)
300 4527 409 4577 lbidem.
