3240 5304
724 474 762 536 71

174 660 306 738 nauita;
334 655 633 737 νερνοτοιχιοοέμενος
663 697 697 706 -
721 660 964 726 circumvallare
976 659 1248 743 disposuit3arpq‘r
1264 695 1302 704 -

174 772 302 850 inedia,
339 769 464 850 ἔπεμψε
499 773 540 850 τῷ
572 770 679 850 μείζονι
706 773 809 836 -ad
841 773 1028 836 comitatum
1061 772 1202 856 Augusti
1227 777 1305 834 aunt

174 887 299 962 missit3
324 886 379 948 sed
405 885 559 950 [libanius
584 893 741 969 quantum
763 893 866 970 potest
878 905 944 950 rem
958 893 1060 967 ornat,
1072 905 1128 969 pro
1141 887 1303 949 sexcentis

174 999 270 1061 mille
303 1001 402 1081 ponit,
435 1018 491 1081 pro
528 999 735 1062 multitudine
766 1006 862 1063 totam
894 1007 1031 1082 gentem,
1062 999 1215 1082 additque
1238 1017 1303 1062 non

174 1113 292 1195 paucis
327 1114 455 1176 omissis
491 1113 658 1195 expulsam
684 1131 762 1194 esse,
786 1133 860 1177 cum
886 1115 1080 1178 Ammianus
1104 1113 1184 1176 nihil
1207 1131 1304 1178 ausos

173 1244 234 1288 eos
259 1226 298 1288 ad
322 1245 381 1290 sua
404 1225 575 1309 repedasse
598 1227 691 1290 dicat.
716 1226 796 1291 Tum
822 1227 907 1310 apud
931 1226 1102 1292 libanium
1117 1227 1208 1290 nulla
1220 1228 1303 1291 inter

175 1338 391 1422 depredantes
425 1340 499 1403 illos
523 1347 674 1403 ettotam
699 1349 826 1423 gentem
852 1349 963 1424 postea
987 1341 1182 1404 nominatam
1206 1341 1303 1404 inter·

175 1452 265 1514 cedit
306 1454 396 1532 ratio,
432 1471 504 1516 cum
541 1454 627 1535 apud
663 1454 871 1516 Ammianum
907 1454 1026 1517 idcirco
1063 1452 1302 1518 multitudinem

175 1585 340 1649 egressam
373 1585 454 1646 esse,
489 1573 524 1629 ut
554 1566 628 1630 illos
654 1568 795 1649 periculo
820 1568 983 1648 eximeret,
1006 1569 1154 1650 legimus.
1179 1565 1304 1648 Omnia,

174 1681 211 1741 in
240 1679 358 1762 quibus
381 1680 532 1744 differunt
556 1682 764 1762 narrationes,
788 1682 828 1745 ad
847 1679 973 1744 Libanii
997 1683 1302 1746 minneaconratnm

176 1793 342 1857 scribendi
386 1795 516 1857 modum
561 1799 593 1857 et
633 1794 744 1858 fucum
788 1795 982 1858 rhetoricum
1018 1793 1184 1858 referenda
1219 1800 1305 1874 aunt,

176 1911 320 1969 ceterum
346 1911 434 1971 tanta
457 1912 505 1970 est
529 1907 716 1988 similitudo,
740 1913 776 1970 ut
799 1925 839 1971 ex
853 1907 964 1971 eodem
977 1906 1066 1972 fonte
1078 1909 1157 1991 quin
1171 1908 1304 1972 haustae

180 2021 258 2101 sint,
283 2021 425 2085 dubitari
449 2028 599 2105 nequeat,
624 2023 843 2105 quiquoniam
863 2020 1172 2084 nonnisiJnlianum
1186 2020 1305 2086 adiisse

177 2132 352 2196 [libanium
384 2137 469 2198 inter
493 2137 578 2199 viros
602 2135 712 2198 doctos
736 2141 870 2217 constat,
894 2137 928 2198 in
953 2134 1100 2218 Epistula
1123 2154 1199 2199 vero
1225 2134 1302 2197 nihil

177 2247 339 2328 ejusmodi
370 2249 544 2327 invenitur,
574 2250 658 2313 inter
680 2250 880 2332 imperatoris
903 2267 999 2331 opera
1022 2248 1185 2332 deperdita
1209 2266 1304 2331 quae·

178 2361 302 2424 roudus
326 2369 381 2424 est.
406 2361 562 2444 Idemque
585 2363 648 2426 dici
673 2369 776 2445 potest
800 2362 839 2426 de
862 2358 1120 2446 sequentibus¹t⁸

226 2475 379 2559 Sequenti
403 2495 487 2538 anno
512 2479 563 2539 τοῦ
589 2479 688 2555 καιροῦ
713 2475 747 2539 τὸ
770 2482 890 2552 σημεῖον
910 2471 1039 2555 αἴροντος
1053 2474 1137 2547 εὐθὺς
1149 2475 1303 2553 στρατεύει

178 2590 233 2653 καὶ
269 2589 333 2669 περὶ
365 2589 415 2653 τὸν
451 2589 588 2666 ποταμὸν
622 2587 786 2668 οὶοτροὶψας
817 2587 892 2661 ἔθνος
922 2585 987 2653 ἕλον
1011 2585 1103 2661 οὕτως
1126 2585 1302 2663 ἐξέπληξεν,

179 2701 250 2766 ὥστ’
287 2700 384 2777 ἠξίουν
416 2709 560 2780 μετοικεῖν
585 2703 636 2766 καὶ
661 2702 747 2782 μέρος
769 2698 842 2766 εἶναι
867 2709 922 2775 τῆς
944 2703 1037 2766 αὐτοῦ
1062 2701 1226 2780 βασιλείας
1249 2710 1303 2776 τῆς

180 2815 290 2888 οἰκείας
324 2815 357 2879 τὸ
387 2814 440 2894 ζῆν
476 2816 529 2878 ὑπ’
565 2815 660 2895 ἐκείνῳ
695 2816 834 2896 κρίνοντες
866 2813 943 2890 ἥδιον
975 2815 1026 2880 καὶ
1054 2825 1111 2893 γῆν
1135 2816 1223 2896 ᾔτουν
1248 2815 1300 2880 καὶ

179 2928 365 3008 ἐλάμβανον.

225 3043 343 3108 Fusius
377 3046 479 3126 ipsam
516 3063 581 3108 rem
619 3045 786 3127 descripsit
818 3047 1011 3108 Ammianus
1038 3042 1123 3124 (2⁰.);
1148 3044 1303 3108 subornat

179 3159 290 3220 omnia
324 3157 489 3237 libanino,
520 3160 748 3240 transmigrare
772 3158 853 3222 velle
876 3157 1028 3221 barbaros
1052 3158 1161 3222 dicens
1185 3159 1218 3219 in
1243 3159 1301 3220 im-

181 3273 314 3354 perium,
343 3291 419 3335 enm
450 3290 562 3334 revera
583 3273 646 3352 jam
672 3271 747 3333 olim
774 3271 955 3334 habitacula
978 3271 1021 3333 ibi
1047 3270 1158 3334 fixisse
1183 3289 1236 3334 eos
1261 3289 1301 3335 ex

182 3385 332 3448 historico
367 3386 534 3464 novimus3
567 3391 707 3448 ceterum
733 3386 783 3448 hic
808 3403 937 3467 quoqne
960 3384 1032 3447 fons
1057 3386 1238 3446 communis
1261 3402 1302 3446 ex

182 3499 261 3580 ipsis
286 3497 391 3560 verbis
416 3498 582 3561 manifeste
606 3506 736 3581 apparet
760 3497 834 3577 (rapi
858 3498 905 3561 τὸν
929 3493 1065 3574 ποταμόν
1085 3499 1225 3575 (nomine
1239 3516 1302 3559 non

182 3612 300 3691 addito)
326 3649 365 3658 -
392 3631 448 3694 per
470 3614 589 3695 ripam3
615 3607 775 3691 οὶοτροὶψας
799 3609 872 3684 ἔθνος
892 3608 958 3676 ἕλον
971 3606 1137 3685 ἐξέπληξεν
1152 3647 1192 3658 -
1206 3630 1302 3673 cunc·

182 3731 239 3787 tos.
261 3731 425 3807 tamquam
457 3724 603 3788 fulminis
633 3725 728 3788 turbo
752 3726 923 3808 perculsit).
948 3723 1036 3788 Licet
1061 3723 1187 3787 nullum
1211 3742 1302 3805 prae·

184 3837 255 3901 beat
286 3857 412 3917 nomen,
442 3844 547 3901 tamen
581 3839 632 3901 hic
669 3839 707 3901 de
739 3839 943 3921 expeditione
966 3838 1068 3901 Saliae
1092 3857 1186 3921 agere
1210 3837 1302 3901 Liba-

182 3953 272 4014 nium
308 3972 364 4034 pro
399 3959 486 4016 certo
521 3959 668 4016 constare
699 3953 833 4016 videtur.
868 3951 1114 4016 Transeundum
1139 3953 1236 4036 igitur
1260 3951 1301 4014 ad

182 4068 310 4129 tertium
335 4066 439 4130 locum
454 4063 486 4144 ²).

215 4337 242 4400 l)
262 4337 325 4386 lbid.
344 4335 376 4385 75
395 4337 437 4398 (ll,
456 4335 505 4384 ς168
524 4352 563 4398 sq.
583 4336 622 4397 F.;
641 4335 660 4396 I,
678 4334 728 4384 546
746 4350 785 4398 sq.
803 4335 856 4395 R).

215 4427 242 4492 2)
261 4429 325 4478 lbid.
343 4426 375 4477 76
393 4443 449 4492 sqq.
467 4426 529 4493 (269
547 4442 585 4490 sq.
605 4428 648 4491 F.;
668 4425 717 4475 547
735 4441 773 4490 sq.
793 4426 845 4490 R.).
