3240 5304
738 526 777 591 13

200 721 389 784 divisionem
426 718 541 783 Batavi
575 719 667 783 sedes
699 716 890 798 habueruut,
913 717 989 780 inde
1013 737 1117 801 usque
1140 718 1180 781 ad
1204 717 1322 782 Geldu-

201 832 270 897 bam
296 832 438 898 Guberni
457 839 484 912 ¹).

243 946 305 1011 Sed
341 947 543 1011 redeundum
579 947 618 1009 ad
654 945 752 1008 Plinii
787 945 827 1010 de
851 945 964 1010 Rheno
987 946 1102 1010 locum.
1129 945 1186 1027 ,In
1210 944 1322 1011 Rheno

200 1067 305 1129 antem
330 1059 431 1144 ipso,''
456 1063 533 1124 haec
555 1062 658 1144 ipsius
682 1062 823 1125 auctoris
847 1067 924 1124 sunt
947 1059 1089 1142 verba¹l,
1105 1059 1324 1141 ,nobilissima

200 1174 394 1238 Batavorum
437 1176 545 1240 insula
579 1181 610 1239 et
646 1174 922 1255 cannenefatium,
955 1181 986 1238 et
1021 1174 1101 1238 aliae
1135 1174 1324 1258 Frisiorum,

201 1288 412 1370 Chaucorum,
436 1288 671 1370 Frisiavonum,
691 1287 884 1368 Sturiorum,
897 1287 1137 1369 Marsaciorum,
1150 1307 1233 1372 quae
1246 1295 1324 1353 ster·

200 1408 323 1466 nuntnr
357 1404 442 1467 inter
476 1401 642 1466 Helinium
667 1407 698 1467 et
722 1400 889 1466 Flevum.'’
915 1401 941 1464 11
966 1402 1086 1485 quibus
1109 1402 1261 1486 gentibus
1285 1403 1325 1467 de

200 1515 352 1581 Marsacis
376 1518 435 1580 hoo
455 1537 557 1580 unum
570 1518 699 1598 scimus,
713 1515 853 1580 Morinos
863 1517 994 1599 junctos
1005 1517 1046 1580 iis
1058 1514 1160 1580 fuisse
1172 1536 1253 1600 pago
1266 1518 1323 1600 qui

201 1629 390 1695 Chersiaous
421 1636 554 1694 vocatur
565 1639 594 1708 ¹).
627 1629 769 1694 Morinos
801 1650 906 1714 usque
937 1631 977 1694 ad
1001 1629 1138 1694 Scaldim
1164 1630 1325 1696 habitasse

201 1744 360 1823 vidimus3
384 1743 602 1808 Marsaoorum
627 1746 726 1828 igitur
749 1744 874 1808 insulas
895 1742 939 1807 ibi
958 1743 1067 1825 fuisse,
1081 1743 1136 1807 ubi
1150 1763 1238 1808 nuno
1251 1744 1325 1808 licet

203 1859 273 1922 aliis
304 1858 416 1922 formis
440 1857 611 1923 Melandiae
634 1859 762 1922 insulae
785 1858 1006 1940 inveniuntur,
1026 1865 1140 1942 sponte
1164 1859 1324 1942 conjicias.

202 1970 360 2047 Quoniam
395 1979 501 2037 autem
537 1974 632 2036 etiam
667 1975 751 2037 inter
784 1979 896 2056 gentes
920 1975 966 2036 ois
989 1971 1156 2036 Helinium
1181 1973 1325 2038 habitan-

202 2092 249 2149 tes
287 2091 518 2149 enumerantur
559 2084 704 2166 Marsaci,
746 2085 854 2168 aliquo
886 2085 955 2149 loco
991 2086 1023 2149 in
1058 2085 1178 2149 finibus
1212 2105 1323 2150 eorum

203 2218 259 2283 per
293 2198 461 2264 Helinium
492 2200 574 2263 illud
605 2199 727 2264 Mosam
760 2199 981 2283 Vahalemque
1005 2197 1133 2263 Oceano
1157 2201 1324 2284 appropin-

204 2332 320 2397 quasse
356 2319 478 2378 certum
515 2314 658 2392 videtur,
691 2332 708 2377 e
742 2312 841 2376 Plinii
865 2313 934 2375 loco
958 2313 1053 2375 citato
1078 2312 1210 2376 minime
1233 2314 1326 2396 sequi

204 2446 313 2492 omnes
348 2427 509 2492 Marsaeus
539 2429 623 2491 inter
653 2426 821 2490 Helinium
846 2431 877 2491 et
899 2425 1034 2490 Flevum
1059 2425 1151 2490 sedes
1174 2425 1325 2491 habuisse

200 2542 266 2623 jam
298 2542 373 2606 inde
408 2545 547 2626 apparet,
583 2541 669 2625 qnod
705 2539 906 2604 Chaucorum
942 2540 1053 2605 eodem
1089 2540 1159 2604 loco
1193 2559 1324 2606 enume

205 2659 346 2718 satorum
391 2656 543 2737 majorem
583 2660 703 2740 partem
748 2659 837 2718 trans
872 2654 1006 2719 Flevum
1041 2653 1202 2718 habitasse
1237 2660 1323 2718 certo

203 2770 332 2831 scimus.
367 2805 409 2815 —
445 2766 494 2832 De
528 2767 645 2832 Sturiis
677 2768 757 2831 nihil
788 2770 920 2831 omnino
956 2768 1120 2850 cognitum
1157 2766 1324 2847 habemus,

203 2902 275 2946 nam
299 2883 514 2947 incertissima
538 2889 585 2947 est
606 2881 781 2946 Socraticum
804 2881 1327 2966 Miinnuarouaoonjeotura,prope

203 2993 402 3060 Dordraoum
433 2997 556 3059 insulas
592 3016 667 3060 suas
699 3015 753 3060 eos
777 2997 921 3060 tenuisse
935 2993 975 3074 ἧς
1002 2997 1144 3079 itemque
1167 2994 1325 3059 Frisiavo-

205 3128 261 3173 nes
285 3109 393 3174 densis
420 3109 519 3174 latent
541 3109 691 3175 tenebris.
714 3110 745 3172 A
768 3109 877 3173 Pnnno
901 3111 996 3174 etiam
1021 3111 1105 3173 inter
1127 3107 1326 3192 gentesBel-

202 3223 290 3306 gioas
331 3222 533 3288 Frisiavones
574 3242 645 3288 esse
688 3219 885 3304 dicuntum),
920 3223 975 3306 qui
1011 3242 1085 3286 cum
1126 3219 1327 3303 „introrsus”

205 3337 355 3420 habitent,
389 3338 480 3402 nullo
513 3338 607 3402 modo
637 3337 882 3402 Frisiavonibus
910 3337 1076 3401 insulariis
1096 3336 1201 3419 juncti
1225 3334 1327 3400 fuisse
1358 3395 1363 3400 .

204 3451 397 3537 possunt⁶);
433 3451 532 3516 Znnss
546 3457 568 3529 ⁷)
598 3451 803 3516 Frisiavones
826 3452 985 3516 insulares
1008 3450 1137 3515 eosdem
1161 3449 1262 3515 fuisse
1288 3470 1324 3514 ao

238 3673 265 3738 1)
284 3673 404 3732 Quorum
430 3688 445 3723 a
472 3678 547 3738 tergo
572 3673 708 3738 usquead
726 3674 826 3724 Mosam
844 3673 904 3724 coll.
921 3673 959 3724 Pl.
976 3672 1020 3735 IV,
1038 3669 1095 3724 106.
1112 3673 1171 3723 Tac.
1190 3673 1267 3742 Hist,
1286 3673 1327 3738 lv,

206 3763 246 3828 56,
263 3764 304 3830 66,
322 3766 397 3829 ponit
415 3765 550 3816 Baetasios
569 3766 771 3828 Dounszswsrr,
788 3765 806 3815 l.
824 3765 842 3815 l.
859 3780 885 3828 p.
902 3763 961 3828 598,
978 3762 1036 3814 601.

238 3855 265 3920 2)
283 3856 330 3923 Ib.,
346 3855 463 3917 111,101.

238 3946 265 4012 3)
283 3947 329 4012 lb,
347 3947 389 4013 lll,
406 3946 465 3998 106.

239 4038 266 4104 4)
284 4038 427 4091 Sonabnnn
453 4039 481 4089 in
505 4039 572 4089 Hist.
599 4039 710 4090 Zeitsch.
739 4039 771 4089 N.
790 4039 816 4090 F.
834 4038 866 4089 43
884 4041 943 4105 (Die
963 4039 1099 4091 Herkuuit
1117 4041 1164 4090 der
1183 4039 1328 4104 Franlren),

206 4146 231 4194 p.
257 4129 303 4196 103
330 4131 450 4195 nonina,
476 4131 528 4182 Das
553 4131 728 4195 alteuglisohe
754 4131 909 4195 1101130000,
935 4147 960 4195 p.
985 4130 1034 4196 16;
1058 4131 1122 4182 Aua.
1139 4133 1156 4181 1.
1177 4131 1207 4181 D.
1225 4133 1255 4182 ll.
1273 4131 1329 4194 llll,

206 4237 230 4286 p.
249 4222 299 4273 152
316 4239 355 4288 sq.

239 4313 266 4379 5)
284 4315 343 4365 Nat.
361 4315 438 4379 Hist,
456 4314 499 4378 IV,
516 4312 574 4365 106.

239 4404 267 4470 6)
285 4407 371 4456 Etiam
390 4406 447 4456 lieri
466 4410 552 4470 potest
570 4410 601 4457 ut
620 4407 865 4471 manuscriptorum
886 4408 949 4458 vitio
968 4407 1125 4458 debeantur.

240 4498 266 4564 ’1)
283 4499 301 4549 1.
318 4499 336 4549 1.
354 4513 379 4563 p.
396 4497 454 4550 138.
