3240 5304
753 499 794 562 53

214 708 324 754 corum
359 689 446 754 arvis
480 686 752 754 adscribebantur.
787 687 910 752 Verum
947 707 1013 752 non
1047 687 1153 753 solum
1183 685 1336 752 Chamavi

213 803 373 888 Frisiique
404 808 503 886 erant,
535 805 592 889 qui
617 803 694 867 illue
719 801 962 867 deducebantur
974 800 1013 883 1);
1038 803 1121 868 inter
1143 801 1294 867 barbaros
1318 821 1336 866 a

216 918 401 982 Constantio
433 919 532 983 laetos
555 918 656 982 factos
678 919 860 1001 complures
881 917 983 982 fuisse
1005 917 1192 981 Britanniae
1216 915 1337 980 incolas

215 1053 255 1096 ex
290 1032 434 1115 ejusdem
459 1033 645 1116 panegyrici
667 1033 774 1115 quinti
799 1033 947 1115 sequitur
969 1031 1043 1112 fine,
1067 1030 1123 1095 ubi
1149 1030 1335 1094 Aeduorum

215 1148 327 1210 civitas
353 1165 415 1228 „ex
439 1145 644 1210 Britannicae
666 1145 817 1209 facultate
838 1146 988 1208 victoriae
1008 1145 1164 1228 plurimos
1176 1135 1349 1228 accepisse

215 1259 372 1325 artifices”
397 1260 523 1325 dicitur.

259 1372 446 1437 Constantio
481 1380 607 1437 mortuo
620 1371 645 1454 ²)
667 1375 851 1457 imperatori
874 1377 1014 1438 saturato
1038 1371 1248 1435 Constantino
1270 1369 1337 1434 filio

214 1488 413 1567 (eoo-337)
448 1489 539 1551 milio
574 1490 666 1571 regni
696 1507 769 1552 cum
802 1488 904 1551 isdem
928 1485 1059 1551 Francis
1083 1484 1337 1570 belligerandum

215 1609 290 1667 erat.
315 1601 385 1679 Qua
409 1604 448 1667 de
470 1622 505 1667 re
528 1603 698 1668 audiamus
721 1603 942 1688 panegyricos.

260 1715 422 1799 (lacunela,
463 1718 606 1782 incertus
648 1718 833 1801 panegyrici
875 1718 1002 1800 septimi
1050 1719 1161 1779 auctor
1202 1719 1292 1796 rogat
1305 1710 1339 1792 ³),

214 1831 346 1911 adeptas
367 1830 533 1911 imperium
555 1851 620 1895 rem
638 1829 798 1915 publicam
821 1830 983 1895 medicare
1005 1828 1153 1914 coepisti?
1166 1878 1173 1893 .
1186 1879 1211 1893 ..
1227 1877 1233 1892 .
1252 1849 1338 1911 repas

214 1945 298 2026 ipsos
331 1943 500 2025 Franciae,
530 1945 587 2029 qai
615 1966 673 2028 per
695 1944 867 2009 absentiam
887 1944 992 2025 patris
1013 1945 1186 2024 luiponem
1208 1943 1337 2008 amlaoe-

214 2066 299 2141 rant,
333 2079 398 2124 non
428 2060 579 2125 dubitasti
613 2059 733 2124 ultimis
749 2061 869 2144 punire
892 2058 1092 2141 muriatibua
1114 2058 1196 2123 nihil
1218 2058 1338 2122 ceritas

212 2175 316 2260 pontis
349 2174 434 2239 illias
469 2173 541 2239 colia
573 2180 723 2258 perpetua
758 2181 787 2239 et
817 2173 1021 2254 inexpiabiles
1042 2173 1111 2238 iras
1226 2171 1337 2237 Sciunt

210 2310 302 2373 passe
324 2309 355 2354 se
378 2287 501 2353 Franci
523 2290 661 2354 transire
683 2288 840 2372 Rhenum,
862 2309 938 2374 quos
956 2289 1001 2354 ad
1017 2308 1121 2353 aenan
1140 2287 1337 2353 saarnliben·

213 2409 261 2466 ter
293 2403 453 2484 admittas,
487 2403 541 2468 secl
562 2422 619 2467 nee
640 2405 800 2468 victoriam
819 2408 955 2487 possunt
977 2423 1106 2482 spuere
1128 2422 1182 2467 nec
1204 2402 1337 2467 aenium.

216 2515 300 2596 Quid
333 2517 417 2596 ipsas
451 2521 585 2599 vaeneat,
607 2539 645 2582 en
667 2538 774 2600 rapum
798 2537 928 2582 suorum
951 2515 1139 2581 cruciatibus
1162 2516 1337 2581 metiuntur

213 2630 339 2714 ideoque
373 2635 498 2696 tautam
531 2630 623 2714 abest,
654 2638 689 2695 at
721 2632 825 2696 amnis
846 2631 933 2697 illias
960 2631 1132 2696 transitum
1156 2629 1337 2713 nuntiantur,

214 2745 314 2827 mapis
343 2752 379 2809 ut
408 2749 509 2826 coepto
527 2750 624 2829 ponte
646 2746 805 2829 desperem
917 2744 995 2811 Jam
1018 2766 1058 2810 ne
1079 2745 1189 2829 procul
1212 2745 1336 2831 quidem

214 2857 360 2923 Rhenum
395 2859 518 2925 audetis
539 2861 674 2926 aceahre
697 2865 725 2925 et
748 2861 802 2924 aia
824 2862 927 2925 securi
947 2859 1084 2939 numina
1105 2860 1261 2925 Interiora
1281 2880 1336 2940 pe·

215 2974 297 3036 tatis.
324 2971 441 3039 Contra
464 2973 538 3039 hinc
554 2995 611 3055 per
623 2974 792 3040 intervalla
803 2975 955 3055 disposita
966 2974 1067 3057 manis
1078 2981 1197 3040 ornant
1209 2973 1336 3038 limitem

214 3088 342 3152 castella
375 3109 470 3175 qaam
502 3092 668 3173 protopant
680 3088 712 3167 ⁴).
744 3089 829 3153 Arat
862 3089 950 3153 illam
972 3087 1139 3153 terribilem
1165 3087 1337 3173 aliquando

246 3371 274 3437 1)
291 3371 461 3423 Chattuarios
486 3387 593 3436 quoque
619 3373 691 3424 iuter
714 3387 759 3422 eos
776 3372 858 3424 inisse
877 3373 980 3424 Zeussu
999 3377 1040 3423 est
1057 3372 1146 3437 opinio
1164 3372 1212 3438 (1.1.
1232 3387 1257 3436 p.
1275 3370 1336 3438 582)

211 3469 238 3515 et
264 3479 357 3515 revera
382 3470 473 3529 postea
498 3465 527 3514 in
554 3463 705 3529 Lingonum
725 3464 822 3515 finibus
840 3464 992 3515 Chattuarii
1011 3465 1199 3529 inveniuntur,
1218 3464 1266 3528 qui
1283 3479 1336 3529 qno

214 3562 333 3621 ternpore
352 3557 417 3607 ilIuc
434 3557 568 3620 venerim,
583 3562 674 3608 tamen
693 3572 746 3608 non
765 3562 877 3608 constat.

246 3647 274 3713 1)
291 3649 356 3699 Pan.
374 3648 405 3715 V,
421 3648 462 3699 21.
489 3649 641 3713 Antequam
667 3650 700 3700 de
726 3649 875 3700 Constantii
899 3648 1066 3713 temporibus
1093 3647 1175 3698 ssnem
1199 3647 1338 3711 iaciamus,

213 3755 299 3792 unum
316 3740 412 3790 addere
430 3755 573 3804 possumus
590 3741 623 3790 de
639 3741 682 3791 his
700 3741 854 3806 regionibus
871 3745 996 3806 agentern
1010 3741 1099 3790 locum
1110 3739 1338 3803 Sozomenifflist.

212 3831 281 3881 Ecai.
308 3831 340 3893 11,
366 3830 393 3894 6)
420 3836 487 3882 tunc
513 3831 692 3882 Christianam
722 3831 802 3882 tidem
829 3833 975 3896 amplectae
1002 3846 1060 3881 esse
1082 3836 1176 3896 gentes
1203 3831 1336 3881 rhenanae

213 3923 403 3973 asseverantis:
431 3920 475 3980 lida
501 3926 548 3984 γὰρ
573 3923 606 3972 mi
633 3941 661 3971 τε
678 3924 743 3986 ἀμφὶ
761 3925 801 3972 τὸν
822 3924 900 3977 ‘Pinea
918 3931 985 3985 Φῦλα
1003 3921 1184 3989 explorandam
1203 3923 1296 3972 Κελτοί
1309 3940 1337 3971 τε

213 4020 253 4066 καὶ
271 4014 293 4062 οἳ
310 4021 426 4064 Γαλατῶν
442 4014 505 4065 ’ἔνδον
523 4025 659 4066 τελευταῖαι
677 4017 718 4064 τὸν
736 4015 851 4064 Ὠκεανὸν
869 4022 1023 4075 προσοικοῦσι.
1041 4016 1115 4067 Idem
1133 4031 1165 4066 ex
1183 4015 1277 4065 eodem
1285 4015 1336 4065 hoe

209 4113 317 4157 auctore
342 4113 482 4171 sumptum
507 4107 625 4158 inveniri
652 4107 722 4171 apud
749 4107 930 4171 Nicephorum
957 4107 1036 4172 (Idist.
1066 4107 1138 4158 Ecci.
1155 4106 1223 4170 VIII,
1240 4105 1285 4170 33)
1304 4110 1333 4156 et

195 4198 405 4272 ,Theodoretum
431 4197 535 4264 (Graec.
562 4199 650 4250 affeci.
666 4214 723 4250 cur.
741 4199 809 4262 disp.
823 4196 852 4262 9)
870 4199 1009 4250 annotarit
1026 4199 1138 4250 ansrus
1156 4198 1204 4263 (1.1.
1222 4213 1247 4262 p.
1265 4195 1336 4262 231).

246 4288 274 4354 3)
292 4289 319 4341 C.
336 4289 369 4339 10
386 4305 425 4354 sq.

245 4380 272 4445 4)
290 4380 328 4433 cf.
346 4381 465 4431 Zosimus
482 4381 513 4446 ΙΙ,
532 4380 577 4431 34:
595 4383 638 4439 τῆς
655 4382 702 4443 γαρ
720 4381 840 4442 Ῥωμαίων
859 4379 1008 4440 ἐπικρατείας
1025 4381 1173 4442 ἁπανταχοῦ
1191 4385 1237 4430 τῶν
1255 4377 1336 4441 ἐσχα-

208 4477 263 4521 τιῶν
287 4475 318 4537 τῇ
344 4479 516 4530 Διοκλητιανοῠ
541 4471 634 4538 προνοίᾳ
651 4473 716 4522 κατα
742 4473 783 4520 τὸν
808 4470 923 4533 εἰρημένον
948 4469 993 4528 lida
1015 4487 1056 4532 μοι
1079 4473 1164 4532 τρόπον
1185 4473 1270 4520 πόλεσι
1296 4481 1336 4529 και
