3244 5296
865 563 928 626 110

382 748 561 832 Dorringen
587 750 684 832 regio,
707 769 779 813 oum
794 747 1457 831 BrabantiaF'risiaHollandiaconjuncta,

334 881 432 947 prope
467 862 616 927 Rhenum
647 863 829 927 inferiorem
862 865 923 927 sita
959 865 1038 947 quin
1073 863 1180 944 fuerit,
1208 862 1348 946 Turinge
1372 881 1457 942 vero,

335 995 474 1059 quacum
509 977 606 1040 simul
641 976 783 1040 Saxonis
813 983 844 1040 et
867 978 1014 1059 regiones
1038 979 1091 1040 cui
1114 995 1229 1041 nomen
1256 976 1401 1041 Pleiszen
1426 981 1457 1040 ei

334 1089 532 1153 Sorbenland
546 1087 568 1167 1)
592 1091 809 1169 nominantur,
832 1092 865 1153 in
886 1091 1027 1172 ipsarum
1042 1091 1246 1172 proximitate
1257 1089 1457 1172 quaerendae

336 1205 414 1287 quin
439 1205 512 1284 sint,
535 1221 629 1267 nemo
653 1205 779 1286 estqui
804 1202 970 1267 dubitabit.
994 1203 1115 1268 Eodem
1141 1203 1235 1266 modo
1258 1221 1380 1286 poema,
1404 1202 1457 1265 cui

336 1335 453 1380 nomen
491 1315 620 1400 Witsih,
655 1322 686 1380 et
709 1315 867 1403 pyringas
882 1319 905 1395 ς)
928 1323 959 1381 et
982 1308 1268 1404 nasi-pyringesb
1293 1317 1455 1394 nominat,

334 1431 407 1494 ilios
442 1430 481 1493 ad
505 1428 655 1494 Rhenum
676 1430 857 1494 inferiorem
883 1430 1063 1494 habitantes
1085 1430 1262 1514 Thoriugos
1285 1448 1355 1493 esse
1375 1429 1457 1492 vidit

335 1543 504 1608 Mbnnnnus
531 1543 722 1627 (Volhsepos
747 1564 774 1627 p.
801 1544 840 1623 6).
871 1543 921 1607 lin
946 1543 1101 1608 habemus
1125 1544 1205 1608 duas
1229 1549 1354 1607 nostras
1377 1541 1457 1604 Tho-

335 1659 464 1741 ringias.
488 1657 559 1721 Non
584 1659 668 1721 inter
691 1676 745 1722 eas
758 1657 929 1740 distinguit
942 1656 1126 1740 Gregorius,
1139 1660 1214 1741 quia
1226 1657 1299 1720 illas
1311 1657 1457 1740 regiones

336 1771 416 1834 duas
440 1777 471 1833 et
494 1789 558 1833 non
584 1769 717 1834 eandem
741 1769 843 1834 fuisse
868 1773 999 1834 omnino
1012 1790 1076 1834 non
1091 1773 1198 1849 novit3
1213 1770 1364 1834 describit
1376 1788 1459 1853 quae

335 1885 367 1946 in
392 1883 535 1948 fontibus
557 1885 690 1963 invenit,
714 1889 745 1946 et
769 1882 824 1947 ubi
847 1885 881 1947 in
906 1885 972 1948 iliis
990 1885 1161 1968 Thoringia
1181 1889 1458 1962 commemoratur,

336 1997 375 2061 de
396 1995 567 2079 Thuringia
590 1999 658 2080 ipse
677 2017 808 2081 quoque
830 1998 933 2081 refert,
957 1999 1013 2063 sed
1036 1997 1208 2083 Thoringia
1232 2001 1261 2063 ei
1286 1997 1458 2080 Thoringia

335 2117 393 2190 eat,
416 2118 447 2174 et
470 2129 580 2175 revera
603 2111 643 2175 de
666 2112 802 2175 diversis
825 2115 877 2195 agi
897 2115 990 2177 terris
1009 2115 1041 2176 in
1068 2119 1205 2177 mentem
1231 2115 1260 2177 ei
1283 2132 1348 2176 non
1362 2113 1457 2175 venit.

383 2223 476 2301 Quod
490 2226 517 2289 si
532 2244 654 2306 verum,
666 2226 835 2310 diligenter
847 2228 1053 2290 examinandi
1065 2233 1142 2292 sunt
1155 2245 1280 2310 semper
1292 2227 1324 2306 ii,
1337 2225 1456 2308 quibus

335 2339 375 2401 de
396 2338 568 2421 Thuringia
591 2341 707 2422 agitur,
730 2338 801 2421 loci,
826 2347 861 2404 ut
886 2340 1062 2420 videamus,
1088 2347 1196 2404 utrum
1222 2340 1261 2403 de
1282 2339 1341 2402 hac
1362 2359 1404 2403 an
1416 2339 1455 2403 de

338 2451 392 2513 iiia
432 2451 604 2536 'Phoringia
646 2451 768 2535 aliquid
792 2453 925 2517 dicatur.
961 2452 1003 2517 ht
1037 2455 1177 2536 primum
1214 2452 1381 2517 redeamus
1418 2451 1458 2514 ad

335 2563 441 2629 locum
476 2584 575 2648 supra
608 2567 740 2628 citatum
777 2567 816 2629 de
851 2565 1030 2631 Obilderico
1065 2567 1151 2649 apud
1174 2566 1363 2648 Thuringios
1388 2565 1457 2628 iati-

336 2682 425 2743 tanti.
461 2679 488 2741 E
523 2698 621 2762 regno
657 2681 778 2761 ejectus
813 2686 871 2758 est,
895 2680 1035 2745 Francos
1059 2700 1135 2746 suos
1159 2681 1252 2764 fugit,
1274 2681 1350 2744 latet
1373 2679 1458 2762 apud

335 2811 443 2876 regem
491 2791 639 2856 Bisinum
687 2813 887 2877 uxoremque
932 2796 1001 2876 ejus
1043 2793 1204 2858 Besinum.
1237 2793 1352 2857 Postea
1382 2813 1457 2856 cum

339 2905 470 2970 Francis
492 2906 571 2988 ipsis
594 2906 784 2988 rogantibus
809 2928 827 2971 a
850 2906 1023 2991 Thoringia
1049 2909 1303 2990 regressusetin
1320 2926 1456 2990 regnum

336 3020 504 3083 restitutus
528 3023 586 3099 est,
610 3018 729 3083 Basina
749 3021 861 3084 relicto
874 3023 1011 3104 coniuge
1023 3021 1062 3084 ad
1075 3040 1149 3085 eum
1163 3022 1252 3084 venit
1265 3026 1362 3103 atque
1375 3022 1460 3084 inter

336 3134 398 3196 alia
420 3133 498 3196 haee
522 3153 652 3216 quoque
675 3133 772 3196 dicit:
794 3135 823 3196 si
846 3134 882 3198 in
904 3135 1132 3198 transmarinis
1152 3134 1301 3214 portibus
1323 3133 1459 3218 cinnam

334 3247 539 3330 cognovissem
574 3245 730 3310 utiliorem
764 3268 860 3331 quum
894 3255 932 3328 te,
966 3248 1147 3328 capedinem
1170 3249 1279 3334 ntique
1301 3247 1458 3312 cohabito-

335 3361 445 3425 tioncm
468 3360 583 3439 εἰπε).
609 3359 658 3425 De
682 3361 828 3444 partibus
851 3363 1075 3426 transmarinis
1099 3363 1189 3446 ioqui
1213 3381 1277 3426 non
1313 3364 1458 3444 potuisse

336 3475 486 3538 Basinam
522 3475 565 3552 in,
593 3474 697 3538 media
732 3473 913 3556 Germania,
943 3476 1094 3540 sedtum
1120 3476 1249 3540 demum
1274 3493 1403 3539 causam
1428 3475 1459 3538 ei

336 3588 445 3669 fuisse,
468 3607 527 3651 cur
548 3588 626 3652 haec
650 3587 778 3669 diceret,
802 3591 829 3653 si
853 3609 951 3673 prope
975 3611 993 3654 a
1016 3591 1097 3653 mari
1117 3588 1309 3672 aberat,jam
1323 3588 1459 3652 Warrzn

336 3706 404 3764 erat
439 3702 546 3784 opinio
560 3698 601 3780 5);
638 3703 695 3785 qui
730 3703 758 3765 si
794 3721 906 3766 verum
943 3702 1031 3784 vidit,
1066 3701 1199 3766 Bisinus
1223 3701 1456 3785 Thoringorum

336 3816 600 3880 eisrhenanorum
625 3833 683 3878 rex
707 3820 775 3879 erat
796 3818 1117 3900 sequiturqueetota
1128 3818 1320 3898 narratione,
1333 3817 1407 3880 licet
1419 3816 1459 3880 de

367 4061 395 4126 1)
412 4062 471 4112 vid.
497 4062 597 4124 Galum,
615 4061 773 4113 Geschichte
791 4065 838 4114 der
857 4066 1008 4116 [teutschen
1027 4065 1153 4129 Spracbe,
1172 4082 1196 4129 p.
1214 4066 1276 4130 418;
1295 4073 1460 4132 quapropter

335 4153 480 4204 lectionem
503 4153 658 4204 Rhcnnarr:
679 4153 856 4218 aLotringeu”
875 4155 1046 4218 rejiciendam
1065 4157 1141 4207 duco.

368 4243 395 4308 i)
413 4244 457 4294 Vs.
475 4242 532 4304 320,
551 4241 596 4309 173
616 4241 674 4307 322,
692 4241 733 4293 16.

369 4334 397 4400 3)
415 4335 459 4385 Vs.
477 4332 534 4394 323,
552 4333 593 4384 30.

369 4424 397 4490 ⁴)
415 4425 492 4490 Greg.
510 4426 573 4476 Tur.
591 4426 621 4489 li,
640 4426 679 4476 12.

369 4518 397 4582 5)
416 4516 468 4568 Sal.
486 4516 603 4581 Gesetze,
623 4532 647 4581 p.
665 4517 706 4569 49.
