3240 5304
834 513 877 576 24

295 694 443 762 Rhenum
479 697 643 764 Oceanum
677 699 826 764 invectus
856 698 1034 764 Frisiorum
1057 700 1193 783 patriam
1216 700 1340 762 intrare
1362 717 1417 782 po·

297 813 411 877 tuisset
424 801 456 894 ¹),
479 813 505 876 ai
530 833 549 877 a
571 820 659 897 tergo
683 813 823 878 Batavos
846 814 953 879 hostes
972 813 1166 898 reliquisset.

342 925 456 990 Batavi
490 927 590 1010 igitur
624 947 688 991 non
723 927 856 992 fuerunt
886 925 1080 1007 Chattuarii3
1113 932 1255 992 ceterum
1287 945 1417 1010 parvam

298 1040 398 1105 tuisse
420 1042 534 1106 horum
558 1046 686 1126 gentem
710 1061 728 1107 e
750 1061 845 1125 parca
869 1061 980 1106 eorum
1006 1043 1168 1106 mentione
1191 1043 1419 1125 satisapparet

299 1154 351 1218 Ad
375 1155 467 1221 sedes
490 1175 601 1220 eorum
614 1157 699 1241 quod
713 1157 835 1238 attinet,
848 1156 1032 1222 dubitanter
1044 1156 1214 1222 Bnuunnus
1226 1156 1418 1242 hypothesin

299 1271 463 1352 proposuit
496 1270 591 1352 ,dasz
619 1272 666 1335 sie
689 1270 834 1334 ndrdlich
860 1289 931 1334 vom
956 1271 1042 1335 alten
1066 1268 1180 1353 Rhein,
1206 1271 1331 1335 siidlich
1356 1288 1419 1334 von

300 1384 361 1448 den
385 1383 617 1449 Cannenefates
639 1385 788 1468 gewohnt
812 1383 937 1449 haben'’
951 1385 982 1463 ²).
1006 1383 1100 1461 Quod
1120 1384 1318 1450 confidenter
1330 1404 1420 1469 nego.

299 1497 372 1562 Non
408 1499 512 1562 solum
545 1497 776 1564 Canneneiates
807 1506 937 1583 aparte
960 1500 1201 1584 septentrionali
1224 1499 1420 1564 Batavorum

299 1612 453 1678 finitimos
490 1611 591 1677 fuisse
627 1613 770 1678 nondum
807 1617 941 1694 constat,
974 1613 1031 1677 sed
1063 1614 1128 1696 jam
1164 1612 1215 1677 fac
1252 1612 1420 1695 ,Rhenum

301 1726 462 1793 veterem”
494 1746 618 1811 semper
641 1729 779 1793 eundem
802 1749 934 1793 cursum
959 1727 1110 1792 habuisse
1134 1747 1171 1792 ac
1193 1747 1291 1810 nunc,
1314 1732 1422 1791 tamen

302 1845 329 1908 si
353 1844 405 1907 hic
428 1841 624 1907 habitassent
648 1841 833 1927 Chattuarii,
855 1845 939 1908 inter
961 1842 1112 1907 Rhenum
1136 1847 1276 1907 veterem
1300 1849 1331 1906 et
1353 1840 1422 1906 Ble-

301 1977 380 2021 rum
405 1957 496 2022 sedes
519 1959 708 2040 tenuissent,
731 1959 879 2022 insularii
900 1959 1000 2042 igitur
1022 1956 1178 2037 fuissent3
1204 1964 1235 2021 et
1259 1958 1286 2021 si
1309 1975 1421 2022 revera

304 2074 364 2137 hoc
387 2073 432 2136 ita
454 2071 577 2152 fuisset,
600 2093 619 2135 a
642 2072 752 2136 Pnuuo
774 2079 888 2157 gentes
911 2074 1074 2137 insulares
1099 2077 1130 2137 et
1142 2073 1236 2136 etiam
1250 2077 1428 2156 parvas,ut

304 2185 428 2250 Sturios
463 2205 527 2250 non
553 2187 662 2251 minus
685 2186 850 2270 obscuros,
873 2193 1083 2253 enumerante
1096 2184 1130 2267 ³),
1153 2188 1256 2252 omitti
1279 2206 1344 2252 non
1369 2206 1424 2272 po·

303 2301 449 2364 tuissent.
473 2298 587 2383 Itaque
610 2305 698 2364 trans
719 2298 868 2366 Rhenum
893 2306 977 2366 terra
1001 2300 1259 2366 Chattuariorum
1284 2303 1345 2366 sita
1358 2306 1425 2366 erat

304 2414 401 2498 idque
431 2413 515 2477 inter
545 2411 776 2478 Cannenefates
800 2419 831 2479 et
853 2414 1026 2479 Bructeros
1049 2420 1178 2480 auctore
1201 2415 1334 2499 Vellej0‚
1356 2416 1424 2480 he.
1451 2404 1453 2408 ’

304 2528 388 2592 inter
423 2545 509 2591 mare
543 2532 574 2591 et
607 2525 788 2610 Bructeros,
819 2528 854 2591 in
885 2547 923 2593 ea
952 2529 1091 2611 regione,
1114 2528 1170 2593 ubi
1193 2534 1224 2592 et
1248 2527 1424 2593 Chamavos

305 2643 426 2708 sedisse
449 2662 547 2726 supra
571 2643 720 2707 vidimus.
745 2641 897 2707 Chamavi
921 2649 1028 2708 tamen
1051 2663 1116 2707 non
1141 2643 1358 2723 nominantur,
1371 2661 1424 2707 eos

305 2757 339 2820 in
363 2774 400 2820 ea
423 2755 625 2839 expeditione
645 2774 709 2819 nou
722 2757 826 2840 attigit
836 2754 991 2820 Tiberius.
1004 2753 1098 2831 Quod
1110 2756 1240 2819 nonnisi
1253 2775 1318 2819 uno
1332 2755 1426 2819 modo

306 2869 460 2952 explicari
496 2875 597 2952 potest
630 2877 662 2933 et
698 2870 827 2953 quidem
863 2870 977 2934 hocce:
1013 2868 1242 2934 Bructerorum
1265 2867 1347 2933 fines
1370 2888 1427 2952 per

306 2983 438 3066 longum
462 2985 603 3066 spatium
626 2983 799 3067 paludibus
824 2981 1084 3065 defendebantur,
1108 2983 1164 3048 sed
1185 3002 1250 3046 uno
1270 2981 1340 3046 loco
1351 2981 1426 3046 faci-

306 3097 371 3161 lius
405 3095 604 3178 adiebantur,
635 3117 692 3180 per
724 3116 837 3181 ,agros
861 3095 1003 3161 vacuos”
1027 3097 1109 3179 dico,
1132 3096 1188 3160 ubi
1212 3116 1278 3160 nou
1301 3115 1428 3180 compa·

308 3208 421 3274 rebant
455 3209 605 3293 paludes;
638 3212 745 3294 quivis
780 3215 887 3274 autem
923 3229 941 3274 e
975 3209 1089 3274 duabis
1126 3211 1188 3274 viis
1220 3228 1299 3292 eam,
1330 3229 1429 3293 quam

309 3325 417 3388 minus
440 3322 603 3388 difficilem
628 3328 727 3407 putat,
750 3324 848 3406 eligit,
872 3324 959 3408 qnod
983 3329 1014 3388 et
1037 3322 1199 3388 Tiberium
1218 3323 1429 3387 fecissearbi·

309 3444 392 3518 tror3
428 3439 538 3521 itaque
572 3458 591 3500 a
626 3439 704 3501 mari
741 3439 873 3502 veniens
900 3436 1051 3501 Rhenum
1070 3437 1201 3521 quidem
1223 3437 1349 3501 transiit
1373 3437 1429 3501 sed

309 3571 442 3617 cursum
468 3551 613 3615 fluminis
637 3570 775 3634 sequens
799 3551 839 3614 ad
865 3570 978 3635 „agros
1002 3549 1144 3615 vacuos’'
1168 3551 1311 3616 tetendit.
1337 3548 1431 3626 Quod

310 3669 337 3732 si
369 3685 492 3746 verum,
522 3666 555 3728 in
581 3666 639 3729 hac
664 3670 752 3748 parte
777 3665 952 3749 quaerendi
977 3663 1069 3729 nobis
1094 3663 1280 3747 Chattuarii,
1303 3665 1359 3748 qui
1384 3667 1431 3730 sic

310 3802 329 3844 a
351 3780 462 3844 Frisiis
487 3799 591 3862 nsque
614 3780 653 3843 ad
676 3799 770 3862 agros
783 3799 902 3868 vacuos
914 3777 1064 3842 Rhenum
1077 3777 1271 3842 accolebant.
1285 3776 1430 3854 Quorum

309 3895 463 3960 finitimos
498 3893 675 3958 Chamavos
710 3895 742 3956 in
779 3893 904 3977 reliquo
936 3894 1047 3977 spatio,
1078 3895 1163 3956 inter
1186 3892 1316 3974 Frisios,
1339 3891 1432 3956 Chat·

311 4010 442 4092 tuarios,
468 4007 641 4072 Bructeros
665 4012 696 4072 et
722 4027 835 4092 „agros
860 4005 1001 4071 vacuos’'
1025 4005 1184 4070 habitasse
1207 4011 1302 4091 puto;
1327 4023 1432 4089 usque

314 4191 458 4200 ...—

345 4307 374 4373 1)
391 4308 438 4358 Dio
456 4306 489 4356 54
498 4323 504 4356 ε
514 4305 555 4358 32.

346 4398 543 4465 auam.

346 4491 373 4557 3)
392 4491 452 4544 Nat.
470 4493 537 4543 Hist.
555 4493 597 4556 lv,
613 4492 671 4550 101.
