3240 5304
721 547 761 606 75

180 736 308 798 minime
343 735 382 798 de
413 733 647 798 Chamavorum
684 735 796 816 legatis
831 736 908 814 (nou
942 731 1082 816 regibus)
1114 733 1203 796 humi
1228 751 1300 816 pro·

179 850 284 911 stratis
308 850 359 931 agi
386 849 521 928 videtur,
544 848 599 911 sed
625 848 664 911 de
689 847 942 911 Alamannorum
968 865 1042 930 rege
1054 845 1232 925 Suomario,
1246 848 1300 928 qui

182 981 307 1045 ,pacem
332 962 469 1044 genibus
493 963 636 1025 curvatis
657 960 767 1025 orabat
791 967 822 1024 et
847 980 916 1025 eam
931 1009 937 1023 .
952 1010 958 1023 .
972 1009 999 1024 ..
1023 960 1085 1024 sub
1111 961 1170 1023 bac
1183 960 1301 1023 meruit

179 1075 255 1158 lege,
279 1081 313 1139 ut
337 1077 482 1158 captivos
505 1075 652 1139 redderet
677 1073 823 1138 nostros''
839 1073 870 1152 ¹).

221 1187 320 1252 Hisce
343 1188 492 1251 omnibus
516 1189 682 1272 perpensis
707 1196 804 1271 atque
825 1189 1018 1251 examinatis
1037 1187 1098 1250 hoc
1112 1205 1213 1250 unum
1226 1185 1301 1249 inde

180 1302 302 1366 efficere
336 1322 509 1385 possumus
543 1301 670 1365 dnobus
706 1303 792 1366 hisce
827 1303 906 1365 locis
941 1302 980 1365 de
1014 1301 1124 1364 eadem
1150 1319 1184 1364 re
1209 1318 1302 1384 agere

178 1413 348 1477 Libaninm
361 1433 402 1478 ex
415 1415 524 1478 eodem
545 1415 633 1478 fonte
647 1416 767 1494 hausta,
781 1433 846 1497 quo
859 1416 891 1476 in
905 1414 1115 1478 describendo
1129 1413 1211 1477 bello
1226 1415 1299 1478 Ale·

180 1521 326 1592 mannico
350 1531 444 1592 etiam
459 1548 537 1592 usus
562 1536 610 1593 est
636 1529 836 1591 Ammianus.
860 1527 973 1592 ΘΜ.
999 1526 1300 1608 Libaniilocuster·

179 1644 243 1706 tius
278 1643 410 1705 omnino
447 1643 568 1706 nullius
604 1642 697 1725 pretii
731 1647 788 1721 est,
813 1641 898 1724 quod
930 1641 969 1704 ad
993 1660 1044 1706 res
1068 1643 1102 1704 in
1127 1639 1299 1704 Germania

178 1755 328 1819 inferiore
350 1764 456 1837 gestas
480 1757 602 1835 attinet,
627 1755 682 1818 sed
707 1755 746 1817 ad
771 1754 969 1818 Alemannos
992 1760 1114 1838 spectat
1139 1773 1242 1838 aeque
1265 1773 1302 1817 ao

178 1870 268 1932 locus
292 1875 436 1951 quartus,
460 1876 593 1952 excepto
617 1869 714 1949 hujus
738 1869 839 1947 initio,
865 1868 920 1930 ubi
937 1868 976 1930 ad
996 1886 1150 1930 oceanum
1171 1868 1301 1930 descen·

179 1983 264 2046 disse
300 1990 331 2060 et
365 1982 556 2045 Herculeam
593 1982 745 2065 oppidum
782 1983 962 2046 restituisse
994 1980 1147 2045 Julianus
1184 1982 1303 2044 dicitur

180 2095 335 2158 frumenti
358 2095 537 2158 Britannici
561 2114 667 2158 causa.

224 2207 338 2290 ltaque
360 2228 401 2271 ex
426 2208 577 2272 omnibus
600 2208 839 2272 narrationibus
862 2208 940 2272 haec
964 2209 1160 2272 retinemus:

223 2321 377 2386 Julianus
412 2320 478 2401 (1⁰.)
514 2325 596 2407 cepit
628 2322 767 2386 Francos
798 2323 1036 2406 depraedantes,
1061 2340 1198 2405 quorum
1224 2340 1303 2404 gens

181 2437 262 2498 nibil
297 2455 375 2498 ausa
411 2436 540 2499 domum
575 2438 716 2517 revertit,
752 2437 791 2500 de
825 2436 945 2518 quibus
976 2441 1075 2518 agunt
1109 2437 1303 2499 Ammianus

180 2549 398 2613 etlibanius
433 2551 543 2613 eodem
579 2549 666 2614 fonte
698 2552 758 2628 usi;
791 2547 857 2627 (2⁰.)
892 2552 1012 2633 recepit
1042 2549 1144 2613 Salios
1167 2569 1202 2613 se
1224 2551 1303 2632 ipso,

182 2663 362 2743 Ammiano,
383 2661 516 2730 [libanio
540 2662 742 2740 auctoribus3
757 2661 823 2742 (3⁰.)
836 2664 960 2747 expulit
973 2662 1160 2742 Chamavos,
1173 2663 1258 2746 quod
1272 2669 1302 2725 et

181 2780 249 2858 ipse
273 2776 349 2839 dicit
373 2784 404 2839 et
428 2778 637 2855 Ammianus3
662 2775 939 2856 (Allfrnmentum
955 2777 1175 2840 Britannicum
1190 2776 1303 2840 Rheno

180 2893 329 2970 immisit,
367 2912 462 2974 quam
488 2890 641 2954 frumenti
667 2911 776 2955 curam
801 2911 874 2954 cum
900 2891 1165 2974 praecedentibus
1189 2888 1248 2968 (2⁰.
1273 2898 1304 2954 et

183 3003 239 3082 3⁰.)
259 3005 495 3086 quodammodo
516 3006 682 3069 cohaerere
702 3007 771 3089 ipse
791 3007 884 3068 dicit:
906 3012 1034 3089 propter
1047 3006 1248 3068 hanccuram
1264 3006 1302 3067 ad

182 3117 328 3181 Rhenum
349 3117 532 3182 inferiorem
542 3120 630 3206 venit
643 3126 674 3181 et
687 3117 796 3182 Castra
810 3116 959 3182 Herculis
973 3120 1004 3180 in
1019 3118 1152 3181 Batavis
1165 3119 1304 3181 restituit

183 3232 361 3294 secundnm
394 3233 601 3328 Ammianum
630 3230 877 3315 Libaniumque,
897 3251 1034 3315 quornm
1060 3239 1196 3314 uterque
1221 3232 1304 3310 (licet

182 3345 243 3407 alio
267 3351 396 3408 auctore
419 3345 634 3409 intercedente
658 3346 723 3422 ille)
747 3364 788 3408 ex
811 3346 921 3408 eodem
947 3345 1184 3428 ipsinsJuliani
1198 3347 1304 3410 hausit

182 3476 277 3539 opere
301 3458 465 3540 deperdito
486 3457 535 3520 vel
560 3458 709 3540 operibus
734 3458 915 3540 deperditis.
941 3457 1087 3522 Ceterum
1114 3461 1304 3542 quaestioni,

185 3577 291 3634 utrum
303 3570 324 3634 J
328 3570 426 3634 uliani
439 3572 519 3634 illud
534 3591 663 3652 ,omnes
677 3571 797 3635 terrui’'
807 3572 846 3634 ad
854 3573 939 3636 solos
949 3571 1052 3635 Salios
1062 3570 1304 3656 Chamavosque

183 3705 222 3747 an
247 3686 287 3748 ad
311 3685 390 3748 alios
415 3705 546 3768 quoque
558 3688 723 3769 pertineat,
737 3686 879 3748 nondum
894 3687 1080 3768 responderi
1093 3693 1212 3768 potest,
1228 3706 1300 3750 nam

183 3798 336 3862 Libanius
361 3799 491 3881 quidem
513 3801 725 3862 narrationem
749 3800 788 3862 de
809 3799 891 3862 bello
905 3800 1116 3863 Alemannico
1129 3819 1201 3863 cum
1215 3819 1251 3862 ea
1265 3801 1304 3863 de

181 3912 341 3976 frumento
366 3915 554 3976 transmisso
578 3913 746 3995 conjungit
770 3917 812 3990 (et
836 3914 862 3974 si
888 3913 947 3974 hoc
972 3931 1094 3992 verum,
1119 3913 1198 3976 alios
1223 3914 1252 3975 b.
1279 3932 1303 3976 e.

183 4026 380 4088 Alemannos
412 4045 540 4108 quoque
572 4033 650 4088 tunc
681 4026 848 4090 terruisset
872 4024 1008 4106 Caesar),
1032 4026 1086 4088 sed
1114 4025 1213 4089 multo
1239 4045 1304 4088 rec-

182 4141 246 4200 tius
282 4139 473 4201 Ammianus
505 4140 673 4220 separatim
701 4139 781 4201 duas
805 4139 861 4202 bas
884 4145 996 4201 tractat
1021 4157 1071 4201 res
1086 4136 1116 4217 ²),
1141 4144 1171 4200 et
1195 4157 1305 4201 revera

216 4408 243 4470 l)
263 4409 331 4458 Ann.
346 4409 425 4471 XVll,
442 4408 482 4471 10,
500 4409 516 4457 3
533 4424 573 4472 sq.

217 4499 245 4564 2)
262 4501 292 4549 ln
311 4501 359 4549 lrac
377 4501 544 4562 expeditione
566 4502 695 4550 »lusoriae
714 4517 795 4550 naves
815 4507 879 4552 tuuc
898 4503 1009 4552 aderant
1027 4503 1114 4552 solue”
1134 4505 1180 4567 (ll.
1198 4504 1251 4568 12).
