3244 5296
720 508 783 570 145

189 699 408 782 migraverunt
430 696 539 780 Angli,
563 697 586 760 ii
608 714 733 780 nempe,
745 697 802 780 qui
813 695 1018 780 Thuringiam
1030 699 1313 780 oppugnaverant3

187 812 386 895 eosdemque
409 811 533 894 Anglos
556 811 735 875 iustiniani
746 815 848 876 aetate
861 809 1059 874 Francorum
1071 829 1131 875 rex
1142 809 1316 894 Thoringia

186 945 304 989 rursus
337 927 372 988 in
402 929 589 1008 potestatem
624 923 821 988 Francorum
855 942 984 990 reverse
1007 922 1222 1007 legationibus
1247 923 1316 988 suis

190 1038 367 1121 adjungere
389 1039 501 1121 putuit.
526 1036 623 1101 Nulla
646 1039 747 1120 igitur
770 1042 917 1121 superest
940 1056 1046 1120 causa,
1069 1056 1129 1101 cur
1151 1035 1231 1102 lelsa
1251 1039 1317 1101 sint

191 1170 277 1234 quae
300 1149 427 1234 praebet
451 1156 563 1214 auctor
586 1137 792 1215 ille'indieia.

237 1262 345 1347 Ipsam
369 1265 584 1328 narrationem
608 1264 647 1328 de
671 1283 789 1348 sponsa
811 1264 979 1347 repudiata
993 1282 1102 1328 reram
1115 1268 1315 1348 eseeputans

192 1375 458 1440 Munnmnorrrus
492 1381 605 1459 sponte
640 1395 681 1440 ex
716 1395 754 1441 ea
789 1378 881 1460 sequi
913 1376 1077 1442 contendit
1090 1381 1122 1458 ¹),
1153 1381 1190 1440 ut
1219 1375 1317 1441 Fran·

192 1510 305 1554 corum
341 1509 401 1554 rex
433 1509 541 1554 sorore
572 1495 699 1573 recepta
730 1489 849 1554 bellum
880 1491 989 1554 inierit
1013 1509 1088 1554 cum
1113 1488 1262 1568 Varinis3
1287 1495 1318 1554 et

193 1604 253 1667 hac
288 1603 327 1667 de
362 1623 458 1667 causa
492 1603 532 1667 ad
568 1602 688 1667 bellum
724 1600 920 1667 Varinorum
944 1603 1103 1686 pertinere
1126 1607 1216 1687 putet
1235 1605 1317 1687 epis·

193 1717 305 1797 tulam,
339 1717 372 1779 in
408 1737 473 1800 qua
507 1716 751 1780 lhnunnenarus
774 1717 814 1780 ad
838 1715 1062 1780 Justiniannm
1086 1716 1198 1780 scribit
1224 1735 1318 1797 ,eum

193 1829 378 1894 Saxonibus
410 1830 552 1896 subactis
582 1830 704 1912 Euciis,
740 1832 796 1915 qui
823 1849 858 1894 se
882 1831 1046 1894 voluntate
1070 1831 1198 1914 propria
1222 1829 1318 1893 tradi·

193 1944 309 2025 derint,
342 1963 446 2028 usque
477 1946 509 2006 in
536 1943 656 2009 Oceani
679 1944 830 2009 litoribus
854 1945 1104 2008 dominationem
1129 1963 1222 2008 suum
1246 1961 1317 2028 por·

193 2056 277 2141 rigi”
291 2055 332 2137 ⁹);
358 2058 509 2142 idemque
533 2057 681 2122 observat
704 2056 939 2121 chlothacharii
959 2056 1317 2141 contraThuringorum

194 2171 358 2254 perfidiam
384 2174 559 2236 orationem
574 2179 595 2251 ⁵)
619 2171 777 2253 ejusmodi
801 2189 880 2254 esse,
905 2175 941 2234 ut
960 2190 1035 2233 cum
1055 2169 1227 2254 Thuringis
1241 2169 1319 2235 Ger-

194 2287 322 2348 maniae
356 2304 499 2369 magnae,
524 2284 719 2368 quibuscum
743 2303 845 2367 paene
869 2284 958 2347 nulla
982 2302 1033 2349 res
1056 2284 1154 2348 fuerit
1177 2284 1320 2366 Francia,

195 2398 327 2460 omnino
350 2417 415 2461 non
440 2399 620 2480 conveniat,
643 2403 754 2462 contra
775 2399 810 2461 in
832 2398 1010 2481 Thuringos
1029 2399 1189 2463 rhenanus
1202 2400 1320 2482 optime

196 2510 341 2594 quadret,
374 2512 478 2575 itaut
502 2512 708 2595 expeditioni,
731 2512 771 2575 ad
795 2532 891 2596 quam
915 2531 980 2574 non
1005 2513 1209 2595 pertinerent,
1233 2513 1320 2576 attri-

196 2624 275 2689 buta
298 2627 362 2689 sint
384 2628 469 2710 regis
494 2624 598 2691 verba.
621 2625 739 2689 Eucios
763 2627 797 2688 in
821 2626 871 2688 his
895 2625 1079 2708 regionibus
1099 2626 1221 2690 sedisse
1238 2627 1321 2690 veri·

196 2738 302 2802 simile
336 2757 406 2803 esse
441 2759 540 2823 supra
574 2739 734 2818 vidimus3
771 2757 811 2802 ex
846 2738 966 2822 quibus
989 2739 1198 2803 eodemmodo
1223 2759 1260 2803 ac
1282 2740 1321 2804 de

198 2851 316 2934 Anglis
352 2852 503 2934 vidimus,
525 2851 595 2916 fieri
620 2858 732 2936 potest,
755 2857 791 2916 ut
820 2853 853 2914 in
879 2851 1079 2915 Britanniam
1105 2853 1322 2936 migraverint,

197 2985 271 3029 cum
304 2966 387 3030 idem
419 2966 459 3030 de
482 2965 665 3030 Saxonibus
687 2968 766 3031 litus
790 2965 987 3031 Saxonicum
1010 2985 1066 3049 per
1090 2965 1225 3030 Galliam
1250 2965 1322 3031 Bel-

196 3080 366 3163 gicamque
400 3079 620 3144 habitantibus
655 3100 809 3164 perquam
846 3079 1009 3163 probabile
1043 3084 1143 3161 est⁴l3
1176 3080 1322 3145 Saxones

199 3212 329 3277 quoque
362 3193 575 3258 Thendeberti
609 3194 736 3258 eosdem
772 3193 872 3258 luisse
906 3213 943 3256 ac
976 3192 1115 3257 Varinos
1150 3193 1324 3258 verisimile

199 3312 256 3387 est,
277 3326 351 3370 uum
379 3309 474 3371 etiam
499 3327 517 3370 a
541 3306 667 3371 Zosimo
692 3308 751 3370 hoc
775 3308 904 3371 nomine
926 3307 1075 3390 appellati
1100 3307 1165 3371 sint
1177 3304 1211 3389 5).
1236 3304 1322 3382 Quo·

200 3439 264 3503 quo
297 3420 390 3484 modo
421 3440 472 3486 res
503 3440 538 3486 se
561 3421 664 3498 habet,
687 3423 813 3486 etiamsi
835 3420 915 3484 falsa
940 3422 981 3485 sit
1004 3421 1067 3483 viri
1091 3421 1176 3484 docti
1199 3421 1323 3503 conJ'ec·

199 3539 281 3615 tura,
323 3539 430 3598 tamen
473 3534 587 3598 iisdem
628 3535 833 3618 potissimum
874 3532 1083 3617 temporibus,
1118 3537 1202 3598 certe
1236 3534 1323 3597 haud

202 3711 345 3722 ...—

233 3827 261 3892 1)
278 3828 315 3880 l.l.
333 3843 359 3892 p.
376 3825 426 3878 132
444 3841 484 3892 sq.

234 3918 262 3983 Ι)
278 3919 414 3983 Bouounr,
432 3919 475 3984 IV,
495 3918 537 3970 59.

233 4010 261 4077 3)
279 4011 357 4078 Greg.
375 4012 448 4075 Tun,
466 4011 510 4076 111,
529 4012 553 4062 7.

233 4103 261 4167 4)
279 4104 342 4154 Post
367 4103 433 4153 alios
459 4101 582 4154 videatur
606 4103 703 4169 libore,
720 4102 756 4153 l.l.
775 4117 800 4166 p.
818 4101 867 4152 582
885 4102 1016 4168 (citantur
1033 4103 1185 4168 complures
1201 4108 1324 4156 auctores

199 4209 215 4244 a
233 4194 371 4259 Bassiano,
389 4210 415 4259 p.
432 4193 483 4245 849
501 4194 561 4260 sq).

235 4285 261 4350 5)
281 4286 369 4336 Etiam
396 4285 512 4336 Saxones
538 4285 687 4349 Adovacrii‚
713 4285 876 4350 quibuscum
902 4286 995 4336 loedus
1021 4285 1082 4336 iniit
1101 4284 1277 4349 childericus,
1295 4290 1325 4337 ut

201 4376 364 4428 Alemannos
390 4378 570 4442 propellerent
597 4376 688 4442 (Greg.
706 4377 769 4428 Tur.
787 4377 820 4441 ΙΙ,
837 4375 891 4441 19),
909 4391 1002 4427 revera
1020 4376 1118 4442 Anglos
1137 4375 1219 4427 luisse
1237 4377 1325 4440 suspi-

201 4474 277 4518 catur
295 4470 460 4520 Laurentina
479 4469 527 4534 (ll.
545 4485 570 4533 p.
588 4465 637 4517 226
655 4473 681 4519 et
699 4469 742 4522 W.
760 4469 790 4518 D.
809 4469 845 4528 Ζ,,
862 4468 882 4533 Ι,
902 4483 926 4532 p.
944 4465 1013 4534 137).

1193 4560 1226 4610 10
