3240 5304
697 569 733 636 al

154 765 280 824 taretur
304 758 478 824 Ptolemaei
500 757 593 822 fidei!
620 757 779 823 Omnibus
803 765 839 824 ut
858 759 924 842 jam
950 759 1094 824 diximus
1117 759 1284 824 locisiude

155 895 174 938 a
210 873 366 938 Strabone
401 872 535 935 Morinis
569 873 742 957 propinqui
778 871 920 937 habitare
945 874 1099 938 dicuutur
1122 872 1279 958 Menapii3

156 988 319 1071 quomodo
355 988 455 1070 igitur
488 985 691 1050 Ptolemaeus
715 986 806 1050 sedes
831 1005 940 1052 eorum
966 987 999 1050 in
1024 993 1108 1051 terra
1130 988 1282 1052 interiore

156 1105 238 1166 citra
270 1099 393 1165 Mosam
425 1103 544 1184 positas
567 1119 638 1166 esse
661 1107 774 1184 putare
797 1101 925 1185 potuit?
950 1100 1022 1166 Uno
1047 1101 1176 1186 quidem
1200 1109 1280 1166 tem·

156 1235 236 1299 pore
271 1233 381 1278 revera
416 1216 499 1278 inter
533 1213 654 1278 Mosam
678 1213 895 1297 Rhenumque
917 1214 1080 1297 nogionem
1105 1219 1281 1280 tenuerunt

156 1328 299 1412 Menapii
312 1327 352 1405 1);
377 1333 517 1410 tempore
537 1325 862 1410 nempecacsariano.
876 1326 1027 1392 Carsania
1041 1328 1140 1392 unius
1152 1328 1281 1392 indiciis

155 1442 365 1506 consentiunt
399 1447 492 1504 notae
527 1440 777 1505 Ptolemaeanae.
814 1441 864 1504 Ad
889 1439 1054 1505 Gaesarem
1080 1443 1186 1524 ipsum
1212 1443 1281 1506 sive

156 1556 198 1618 ad
234 1556 333 1618 alium
368 1554 487 1618 fontem
523 1560 641 1618 statum
675 1573 781 1618 rerum
813 1559 916 1618 aetate
941 1552 1087 1618 Caesaris
1110 1555 1159 1619 vel
1185 1555 1281 1638 paulo

155 1675 229 1752 post
253 1668 484 1732 describentem
509 1668 654 1748 redeunt,
677 1687 760 1752 quaa
782 1667 912 1751 praebet
936 1674 1051 1732 noster.

203 1780 292 1858 Quae
315 1783 456 1865 suspicio
479 1781 678 1845 corroborari
701 1781 829 1846 videtur
852 1782 945 1847 tertio
970 1781 1049 1862 loco,
1074 1801 1168 1866 quam
1183 1802 1282 1867 supra

156 1896 327 1960 attulimus
358 1896 397 1960 de
430 1895 601 1959 Germania
629 1894 744 1986 Magna
768 1901 923 1978 agentem.
951 1893 1127 1976 „Habitant
1151 1894 1279 1960 Germa·

157 2010 246 2072 niam
270 2014 393 2093 praeter
419 2007 567 2072 Rhenum
591 2007 737 2088 flurium,
761 2010 790 2074 si
814 2029 832 2071 a
855 2008 1128 2092 septentrionibus
1152 2029 1281 2093 progre-

157 2123 276 2199 dimur,
299 2122 446 2186 Bructeri
471 2123 620 2200 minores,
643 2119 823 2205 Sygambri,
842 2121 940 2186 Suevi
960 2120 1171 2206 Langobardi,
1182 2121 1280 2187 Tenc·

158 2237 230 2318 tari,
264 2235 348 2298 alii.'’
383 2235 477 2315 Ὑπὲρ
512 2233 580 2305 τοὺς
616 2233 806 2314 Βρουκτὲρους
840 2233 934 2300 Frisii
964 2255 1051 2300 oram
1089 2236 1278 2304 maritimam

158 2356 350 2430 tenuerunt,
382 2349 529 2413 Bructeri
560 2350 660 2431 igitur
683 2368 781 2433 prope
803 2347 951 2414 Rhenum
976 2349 1059 2412 infra
1082 2347 1203 2414 Frisios
1227 2351 1281 2414 ha·

158 2463 297 2527 bitantes
321 2482 375 2527 eas
397 2464 484 2546 ipsas
508 2461 625 2526 habeut
648 2469 758 2545 terras,
782 2482 862 2547 quas
886 2467 960 2528 ante
980 2482 1101 2526 annum
1116 2464 1282 2527 981evera

158 2580 302 2642 tenuisse
326 2596 381 2642 eos
404 2577 555 2658 vidimuS,
579 2595 652 2641 cum
676 2584 748 2661 post
770 2595 844 2641 eum
869 2596 991 2640 annum
1013 2575 1167 2640 Chamavi
1179 2579 1281 2661 regio-

160 2710 233 2755 nem
264 2692 351 2755 illam
382 2691 617 2774 occupaverint.
640 2689 712 2754 Nou
739 2693 867 2774 penitus
891 2691 1021 2774 quidem
1045 2692 1179 2756 extincti
1205 2693 1281 2756 subt

160 2804 318 2887 Bructeri,
353 2811 389 2869 ut
423 2825 441 2869 e
474 2805 583 2868 tabula
613 2804 863 2888 Peutingeriana
885 2805 1059 2889 apparebit,
1082 2806 1139 2869 sed
1163 2805 1280 2891 reliqui

159 2925 232 3003 post
265 2938 386 2983 annum
423 2920 464 2982 98
498 2917 610 2982 Frisiis
644 2920 775 2982 omnino
806 2920 979 3002 propinqui
1010 2938 1075 2982 uon
1099 2925 1205 2996 erant;
1230 2937 1281 2984 res

162 3034 322 3117 quomodo
363 3038 470 3098 essent
513 3038 586 3097 ante
617 3053 738 3096 annum
775 3034 828 3115 98,
861 3033 1031 3117 descripsit
1065 3032 1279 3099 Ptolemaeus.

161 3147 378 3212 Rodemmodo
405 3146 600 3231 Sygambros
619 3148 683 3229 jam
710 3167 728 3210 a
750 3145 876 3210 Tiberio
898 3148 930 3210 in
956 3146 1092 3210 Galliam
1117 3147 1281 3212 traductos

161 3281 230 3327 esse
263 3264 415 3326 novimus
445 3269 477 3326 et
498 3262 573 3325 licet
595 3280 715 3345 paucos
737 3263 772 3325 in
795 3262 864 3344 ripa
888 3261 1001 3325 dextra
1023 3259 1129 3324 Rheni
1152 3261 1280 3326 relictos

163 3396 231 3440 esse
254 3375 374 3441 Suadeo
398 3372 607 3455 asseveret2),
631 3381 738 3438 tamen
762 3379 809 3438 tot
832 3375 1112 3453 nouerant,utde
1127 3373 1279 3458 ,Sygam-

162 3489 290 3553 brorum
300 3487 415 3573 gente”
428 3489 517 3572 loqui
530 3494 638 3572 posset
649 3489 777 3572 aliquis,
789 3507 894 3571 neque
907 3492 1017 3572 postea
1029 3486 1278 3570 Sygambrorum

162 3607 428 3666 commemoratur
450 3603 581 3681 civitas,
607 3603 738 3665 nonnisi
756 3603 789 3664 in
804 3601 893 3665 fonte
905 3621 957 3666 res
970 3607 1043 3665 ante
1054 3600 1172 3665 Tiberii
1185 3621 1279 3686 expe·

162 3717 312 3781 ditionem
335 3715 535 3780 describente
558 3714 754 3799 Sygambros
778 3735 855 3780 suos
878 3717 1025 3780 iuvenire
1048 3717 1152 3799 potuit
1174 3715 1280 3780 Ptole·

163 3851 278 3895 maeus
301 3829 445 3894 Tencteri
468 3835 539 3913 post
561 3828 704 3892 Tacitum
730 3849 796 3893 non
816 3830 956 3913 amplius
978 3831 1203 3908 nominantur;
1225 3830 1281 3895 ubi

163 3947 259 4028 igitur
292 3944 466 4009 Ptolemaei
500 3952 643 4027 tempore
672 3962 784 4007 revera
814 3944 1036 4024 habitaverint,
1060 3945 1192 4008 aliunde
1216 3964 1279 4008 non

164 4060 270 4144 liquet.
302 4059 363 4123 Sed
395 4059 473 4141 quid
497 4059 536 4121 de
560 4057 677 4122 Suavis
700 4055 920 4141 langobardis
945 4058 1176 4141 cogitandum?
1201 4057 1281 4122 Lan·

165 4289 307 4298 ———-

195 4443 223 4509 l)
240 4444 298 4495 Vid.
316 4457 407 4507 supra.

196 4535 295 4604 a)vl1,
313 4533 371 4588 290.
