3240 5304
734 563 774 628 dl

184 773 228 816 ne
262 753 390 816 militem
423 753 524 836 spatio
557 751 646 833 huno
680 751 878 835 defolmaret,
913 749 1000 816 abire
1024 751 1152 814 iuterim
1173 747 1315 830 peraruit

185 865 346 944 innocuos,
381 885 514 950 quorum
546 865 655 946 hantis
676 865 773 944 poulo
793 871 901 944 postca
924 863 1063 928 mnan..
1079 913 1107 926 ..
1128 883 1237 944 mecm
1259 861 1313 927 ltoc

185 979 298 1041 tribuit
319 984 419 1061 pacto,
441 985 478 1043 ut
501 979 544 1042 od
564 998 622 1041 suo
645 979 785 1043 redirent
810 977 985 1042 incolumes.
1010 975 1052 1040 Et
1075 983 1184 1060 postea
1208 993 1313 1040 monu-

185 1099 295 1155 menta
329 1093 395 1156 trio
428 1091 604 1176 superciliis
635 1092 780 1176 imposita
808 1091 951 1170 fluminis
985 1089 1173 1154 Mosae...
1196 1109 1234 1152 cu
1256 1107 1314 1153 aa·

186 1225 353 1268 nona...
388 1206 560 1288 portionem
596 1205 790 1269 subtractam
824 1205 858 1268 in
893 1203 989 1268 isdem
1021 1203 1160 1268 condidit
1190 1200 1315 1281 castris,

186 1338 325 1400 morans
359 1338 396 1381 ca
430 1317 659 1382 Chamavorum
696 1318 846 1400 segetibus
879 1317 914 1381 id
947 1317 1089 1401 mpplcri
1109 1335 1207 1400 posse,
1233 1315 1317 1403 quoa

187 1430 331 1494 abhotum
354 1437 406 1495 est.

234 1544 311 1608 Tres
358 1547 457 1627 igitur
491 1544 531 1607 ab
569 1546 741 1609 Ammiano
776 1543 902 1608 luliani
937 1548 1230 1607 commemorantur
1263 1560 1315 1606 res

188 1664 317 1739 gestae:

239 1767 281 1832 1⁰.
304 1769 444 1834 Francos
485 1773 517 1834 iu
563 1770 666 1834 Gallia
709 1771 936 1836 latrocinantes
978 1772 1011 1832 iu
1054 1769 1195 1834 castellis
1229 1767 1314 1852 apud

191 1883 315 1947 Mosam
351 1887 450 1967 capim
487 1903 567 1968 gens
603 1883 798 1948 Francorum
831 1885 871 1947 ad
895 1884 951 1948 hos
975 1882 1163 1947 eximendos
1187 1900 1315 1965 egressa

193 2016 228 2060 re
251 1996 369 2060 infecta
392 1999 522 2061 domum
548 1998 640 2062 redit.

238 2108 281 2173 2⁰.
307 2110 409 2176 Salios
451 2115 485 2175 in
528 2112 711 2176 Toxiandria
756 2111 937 2176 habitantes
979 2111 1080 2174 vineit
1115 2110 1170 2175 sed
1206 2114 1314 2193 postea

191 2226 336 2307 suscipit.

239 2335 281 2400 3⁰.
307 2337 484 2401 Chamavos
515 2339 599 2402 idem
625 2357 722 2402 ausos
748 2339 906 2402 victorin
931 2339 1064 2421 patriam
1090 2337 1194 2401 redire
1212 2335 1314 2418 jubet.

239 2449 364 2526 Quibus
399 2457 549 2535 quartum
585 2453 673 2515 hunc
703 2451 852 2515 addimus
883 2448 1034 2530 locum²)‚
1069 2449 1125 2514 ubi
1160 2450 1199 2514 de
1229 2469 1314 2513 anno

194 2567 259 2629 359
283 2568 349 2648 agit
372 2573 498 2629 auctor:

238 2678 279 2742 Id
312 2681 396 2743 inter
425 2680 590 2762 potissima
619 2685 742 2744 mature
772 2680 863 2745 ducit
893 2679 1085 2760 implendum
1108 2677 1258 2760 (Caesar),
1280 2685 1316 2741 ut

192 2797 268 2856 ante
296 2792 485 2871 proeliorum
515 2793 669 2876 fmomem
703 2793 842 2858 unitates
863 2791 959 2856 multo
982 2797 1055 2856 aute
1076 2793 1196 2857 cronos
1217 2792 1317 2856 intro·

193 2906 253 2968 iret
282 2909 481 2989 receptasque
514 2907 725 2988 communiret,
757 2905 869 2970 horrea
903 2907 983 2990 quin
1017 2907 1110 2970 etium
1145 2909 1318 2969 exstrueret

192 3040 250 3099 pro
285 3021 426 3098 incensis,
460 3020 514 3084 ubi
548 3022 639 3085 muli
670 3021 769 3100 possit
802 3039 932 3084 annona
971 3041 992 3084 a
1027 3019 1200 3084 Britannis
1229 3022 1317 3082 sueta

194 3135 377 3219 transferri.
413 3134 458 3197 Et
491 3140 660 3221 utrumque
693 3134 868 3217 perfectum
900 3139 945 3198 est
979 3154 1033 3218 spe
1055 3134 1193 3197 ornnium
1216 3133 1317 3214 citius,

193 3267 270 3311 nam
303 3254 332 3311 et
366 3247 479 3312 horrea
509 3247 600 3312 veloci
628 3268 722 3331 opera
745 3255 954 3312 surrexerunt
978 3247 1258 3333 alimentorumque
1281 3247 1317 3309 iu

194 3361 290 3424 isdem
331 3362 432 3425 sotios
472 3362 608 3440 conditu,
641 3367 669 3424 et
702 3359 839 3424 ciuitates
874 3366 1040 3444 occupatae
1074 3367 1150 3424 suut
1184 3365 1318 3444 acptum:

195 3471 311 3538 Castra
354 3473 510 3555 Herculis,
556 3474 833 3556 Quadruurqium
875 3475 1097 3556 Tricensimae,
1141 3473 1333 3555 Nunnium„

196 3585 323 3668 Bonna,
346 3588 569 3652 Antennacum
591 3595 620 3652 ct
644 3587 770 3671 Binoio.

243 3697 445 3784 Quamquam
470 3701 501 3764 id
528 3719 591 3764 non
617 3702 744 3766 disertis
771 3701 875 3766 verbis
900 3702 976 3765 dicit
995 3702 1198 3783 Ammianus,
1209 3707 1315 3765 tamen

195 3813 277 3877 duas
301 3813 358 3877 has
380 3833 431 3877 res
456 3815 608 3896 conjungi
633 3814 749 3879 dehere
772 3821 867 3897 totns,
893 3835 957 3899 quo
981 3820 1181 3894 enarrantur,
1203 3814 1317 3879 modus

195 3927 325 3990 indicat.
360 3926 441 3990 Nam
478 3946 606 3990 annona
640 3927 828 3991 Britannica
851 3926 963 3992 Rheno
989 3929 1126 4011 vehitur,
1150 3934 1186 3992 ut
1209 3934 1318 4012 postea

196 4038 387 4120 videbimus,
412 4041 579 4102 civitatum
605 4045 711 4104 autem
733 4060 831 4125 supra
852 4041 1088 4104 nominatarum
1103 4061 1319 4124 omnesquae

196 4154 358 4234 novimus,
392 4154 424 4215 in
460 4151 565 4217 Rheni
597 4155 665 4236 ripa
689 4155 835 4218 citeriore
859 4156 940 4218 sitae
963 4160 1055 4236 sunt;
1082 4154 1172 4217 nulla
1195 4154 1257 4246 elia
1280 4154 1320 4218 de

231 4423 260 4486 1)
278 4424 349 4473 xvu
368 4422 392 4486 s,
410 4423 434 4486 1,
453 4423 477 4474 a.

229 4513 257 4580 a)
276 4515 360 4565 xvur
378 4514 402 4578 a,
420 4513 497 4565 s-o.
