3244 5296
835 591 899 654 124

303 777 403 858 sedes,
427 797 506 861 quas
532 778 681 860 vidimus,
701 783 809 841 tenere
829 782 1003 860 potuerunt
1024 778 1123 861 Angli
1147 779 1296 859 minores,
1316 783 1347 842 et
1359 780 1425 841 An-

303 891 427 973 glorum
466 893 620 974 majorum
658 911 731 976 pars
761 893 795 954 in
827 893 895 975 ipsa
919 892 1038 973 Anglia
1061 892 1188 970 sedere;
1213 892 1364 975 deinceps
1387 892 1426 956 de

303 1005 454 1088 gentibus
478 1005 669 1069 Germaniae
692 1007 853 1068 interioris
878 1024 959 1088 quas
983 1004 1112 1088 praebet
1136 1005 1264 1069 Tacitus
1287 1007 1427 1084 notitias,

305 1137 368 1181 non
393 1125 457 1181 tam
483 1126 648 1184 accuratae
672 1125 757 1201 sunt,
782 1125 903 1182 utnon
928 1119 1025 1202 paulo
1050 1120 1150 1202 magia
1175 1125 1426 1202 versussepten-

305 1233 424 1296 triones
449 1232 603 1296 collocare
627 1233 789 1316 possimus
814 1251 895 1314 quos
921 1234 1067 1295 nominat
1086 1233 1231 1316 populos,
1251 1233 1425 1296 dummodo

305 1344 343 1407 ab
376 1343 503 1408 Oceano
527 1345 577 1408 vel
603 1347 683 1408 mari
706 1344 829 1408 Baltico
855 1363 918 1407 non
944 1345 1101 1409 recedant.
1126 1343 1252 1420 Quibus
1277 1345 1426 1410 omnibus

305 1461 470 1542 perpensis
506 1459 744 1522 eoncedendum
778 1458 905 1522 videtur
927 1457 1026 1521 Taciti
1050 1458 1255 1522 Germaniam
1280 1479 1354 1523 oum
1378 1462 1426 1522 in-

305 1572 397 1635 diciis
429 1572 624 1635 Britannicis
655 1590 831 1654 congruere
865 1590 968 1654 posse,
1004 1570 1178 1636 Ptolemaei
1209 1590 1316 1636 errore
1349 1574 1427 1636 satis

305 1685 473 1768 explicato.
517 1684 618 1748 Paulo
662 1691 734 1769 post
771 1686 1013 1767 occupationem
1050 1683 1239 1749 Britanniae
1271 1687 1305 1748 in
1341 1686 1428 1750 hisce

305 1798 492 1883 regionibus
527 1818 591 1861 non
627 1806 811 1882 comparent
846 1799 963 1882 Angli3
996 1798 1144 1862 abierunt
1173 1818 1258 1883 ergo,
1282 1819 1427 1883 quoquo·

307 1931 429 1993 versus,
453 1911 508 1976 sed
533 1912 691 1976 abierunt.

350 2026 487 2090 Basdem
512 2028 714 2109 potissimum
735 2027 882 2110 regiones
902 2031 934 2090 et
946 2024 1085 2089 Varinos
1098 2025 1257 2090 habitasse
1270 2027 1427 2106 vidimus3

306 2159 379 2223 pars
414 2159 523 2203 eorum
559 2141 591 2202 in
628 2140 771 2224 antiquis
806 2139 938 2204 sedibus
969 2142 1132 2222 remansit,
1156 2161 1229 2203 nam
1255 2140 1427 2204 Psocorrus

306 2253 444 2317 Varinos
479 2252 643 2317 Danorum
680 2253 834 2318 finitimos
869 2256 959 2317 novit
973 2253 1005 2336 ¹),
1039 2254 1175 2319 fortasse
1208 2261 1280 2338 post
1303 2255 1428 2337 Anglus

305 2375 444 2431 remotos
478 2368 518 2432 ad
550 2367 677 2432 boream
714 2368 794 2432 fines
831 2369 1046 2433 extenderunt
1059 2372 1090 2447 2).
1126 2369 1257 2433 Zuussm
1288 2369 1427 2433 Varinos

307 2500 437 2564 quoque
472 2482 504 2543 in
540 2479 715 2563 Thuringia
751 2483 918 2565 quaerenti
955 2500 1019 2544 non
1055 2483 1221 2562 assentior,
1256 2484 1326 2546 sine
1361 2481 1427 2545 ullo

307 2600 496 2678 argumento
522 2594 673 2658 scribenti
687 2591 726 2675 Β);
756 2594 835 2676 „Die
858 2596 892 2658 in
906 2595 962 2659 der
975 2594 1125 2658 Heimath
1137 2595 1174 2673 (P)
1188 2595 1428 2678 curtiolrgeblie·

307 2707 388 2772 bene
412 2707 553 2772 Warnen
577 2713 679 2771 treten
704 2711 737 2771 in
763 2708 819 2771 der
841 2707 939 2792 Fulge
963 2714 1057 2772 unter
1076 2710 1147 2772 dem
1166 2708 1289 2774 Numen
1303 2708 1428 2772 Schwa-

308 2822 367 2887 ben
393 2823 468 2886 auT’
494 2826 667 2907 omniaque
691 2824 729 2887 de
753 2823 870 2888 Suavis
893 2824 1011 2887 indicia
1035 2823 1166 2888 Varinis
1190 2823 1384 2888 attribuenti.

351 2936 394 3000 Et
426 2938 524 3021 Angli
559 2943 590 3001 et
621 2937 734 3000 Varini
765 2939 864 3020 igitur
886 2936 985 3001 Taciti
1013 2944 1154 3020 tempore
1177 2938 1215 3000 ad
1241 2937 1324 3001 latus
1348 2940 1429 3000 occi-

308 3051 434 3115 dentale
459 3054 554 3114 maris
579 3051 693 3114 Baltici
717 3050 880 3131 sedebant,
904 3051 960 3115 ubi
984 3056 1093 3134 postea
1116 3051 1365 3115 inveniebantur
1388 3053 1430 3132 ni,

306 3163 407 3229 fuisse
441 3164 653 3228 credebantur
686 3165 742 3228 illi.
776 3165 866 3228 Alias
893 3166 931 3228 de
956 3165 1087 3228 sedibus
1111 3184 1219 3230 eorum
1247 3185 1310 3228 non
1336 3164 1429 3229 habe·

308 3299 380 3342 mus
404 3281 542 3360 notitiae,
566 3281 708 3362 exceptis
732 3282 771 3343 lis
795 3280 834 3342 de
858 3278 988 3343 Variuis
1013 3281 1051 3343 ad
1075 3278 1223 3343 Rhenum
1249 3277 1427 3344 inferiorem

341 3552 368 3616 l)
388 3553 453 3604 Bell.
479 3554 549 3604 Gott.
575 3554 607 3616 ll,
634 3552 678 3617 l5;
703 3552 772 3604 circa
791 3567 893 3603 annum
911 3551 960 3602 512
978 3552 1043 3602 haec
1061 3555 1135 3616 gesta
1154 3555 1232 3615 sunt;
1251 3551 1283 3602 de
1301 3552 1357 3615 ipso
1374 3553 1430 3602 loco

309 3644 456 3695 dubitatur.

342 3735 370 3800 B)
388 3735 460 3794 Quod
486 3737 624 3786 contendit
646 3738 791 3788 Baccarus
808 3737 856 3800 (l.l.
875 3751 900 3799 p.
918 3733 980 3794 851)
998 3739 1107 3799 propter
1127 3735 1303 3798 promontorii
1321 3733 1431 3784 Varino-

309 3843 370 3878 rum
390 3842 486 3877 nomen
505 3828 660 3890 (Wauums)
679 3828 707 3877 in
727 3827 804 3878 Libro
823 3827 1047 3890 CensusDaniae;
1060 3825 1431 3890 Dacorumimmigraticnem

308 3935 370 3970 cum
397 3920 544 3984 Anglorum
572 3920 746 3984 emigratione
766 3919 908 3970 cohaerere
927 3923 1003 3981 putat
1022 3930 1074 3967 usu
1095 3918 1182 3967 Barna
1201 3915 1323 3967 Beowull
1339 3916 1431 3978 (Qual-

308 4012 352 4061 len
371 4012 426 4061 und
446 4011 644 4074 Forschungen,
662 4008 706 4074 62)
728 4026 752 4075 p.
771 4008 828 4060 aba.

341 4102 368 4165 3)
387 4103 422 4153 l.l.
446 4119 470 4166 p.
489 4101 552 4166 362;
580 4104 628 4152 hoc
652 4103 729 4152 modo
748 4102 846 4167 Anglos
867 4101 977 4152 Variuos
994 4101 1146 4166 Thuringos
1164 4104 1190 4150 ct
1209 4101 1295 4164 legem
1314 4099 1432 4150 Thurin·

308 4210 402 4260 gorum
428 4195 456 4244 iu
483 4194 630 4258 Thuringia
657 4194 784 4245 collocare
811 4198 912 4257 potest,
939 4194 971 4244 de
998 4193 1104 4244 Variuis
1130 4195 1221 4256 postea
1240 4191 1267 4241 in
1285 4191 1431 4256 Thuringia

309 4289 419 4337 tortasse
438 4286 611 4336 inverriuudis
629 4286 709 4350 (quod
731 4289 807 4349 putat
826 4284 971 4335 Saccumum
991 4285 1018 4334 in
1036 4284 1126 4334 Jahrb.
1145 4284 1191 4333 des
1210 4282 1269 4333 Ver.
1280 4283 1297 4332 l.
1308 4282 1431 4332 Niederd.

309 4378 429 4442 Sprachl.
455 4377 496 4442 lt,
514 4394 538 4441 p.
556 4376 653 4441 4-573
672 4382 750 4441 negat
770 4378 890 4438 Banasa,
910 4376 945 4425 l.l.
964 4390 988 4439 p.
1006 4373 1068 4437 852)
1087 4374 1157 4424 idem
1177 4373 1228 4422 dici
1248 4377 1334 4436 potest
1351 4388 1381 4422 ac
1399 4373 1432 4422 de

309 4470 414 4534 Anglis:
441 4485 455 4520 e
473 4469 580 4519 sedibus
599 4473 657 4533 post
675 4470 812 4520 saeculum
836 4469 963 4531 quintum
981 4468 1018 4517 nil
1038 4465 1114 4530 sequi
1132 4466 1164 4514 de
1183 4465 1307 4528 priorbus
1326 4465 1432 4514 sedibus

309 4560 417 4610 aliunde
435 4562 499 4610 satis
517 4562 638 4625 cognitis.
