3244 5296
709 525 770 588 127

177 732 310 798 quoque
333 714 374 777 iis
397 712 532 796 patebat,
560 732 638 794 „nec
663 715 834 796 quisquam
860 713 1034 777 adventum
1060 732 1171 779 eorum
1192 735 1304 780 cavere

173 832 298 910 poterat
339 829 518 910 inopinum,
552 846 615 889 non
653 826 811 891 destinata
845 827 900 891 sed
936 831 1025 891 varia
1060 830 1235 912 petentium
1272 837 1304 894 et

174 942 365 1025 longinqua,
388 947 419 1004 et
444 960 572 1024 quaqua
593 945 710 1004 ventus
730 940 867 1004 duxerat
886 944 1183 1025 prorumpentium3
1205 964 1302 1027 quam

177 1054 218 1118 ob
256 1074 385 1118 causam
422 1073 497 1137 prae
529 1055 643 1118 celcris
667 1053 864 1118 timebantur
889 1061 923 1118 ut
947 1054 1171 1140 repentini”¹l.
1197 1057 1301 1121 Etiam

176 1169 362 1232 Britannias
397 1186 450 1232 eos
485 1169 615 1251 petiisse
647 1187 710 1230 non
737 1169 900 1248 miramur,
923 1169 1010 1252 quod
1035 1189 1102 1254 eg.
1127 1189 1211 1234 anno
1237 1171 1301 1234 365

174 1281 291 1346 fecisse
320 1301 375 1345 eos
411 1279 617 1358 norimus²);
654 1280 802 1363 Belgicae
839 1281 961 1345 Galliae
996 1282 1184 1348 Britanniae
1215 1303 1302 1347 oram

178 1398 371 1460 maritimam
407 1395 547 1460 Notitiae
582 1394 783 1478 Dignitatum
821 1402 923 1460 aetate
957 1400 1012 1460 aut
1035 1398 1099 1480 jam
1125 1397 1156 1459 in
1183 1397 1304 1461 ditione

176 1509 329 1574 tenebant
365 1515 421 1573 aut
452 1515 617 1593 tantopere
641 1516 771 1592 tamque
794 1509 923 1573 assidue
949 1509 1118 1591 vexabant,
1143 1516 1178 1574 ut
1201 1512 1303 1576 litoris

177 1623 330 1688 Saxonici
364 1625 493 1718 nornine
529 1624 663 1686 indicari
695 1629 810 1706 posset.
842 1622 883 1685 Et
907 1624 1002 1686 etiam
1029 1623 1161 1686 dimidio
1185 1625 1304 1688 saeculi

179 1738 285 1820 quinti
309 1738 416 1821 elapso

362 1950 562 2014 Aremoricae
585 1949 723 2032 piratam
749 1947 879 2014 Surena
904 1955 1025 2013 tractas

361 2063 523 2148 Sperabat,
548 2064 599 2126 eat
621 2062 699 2146 pelte
721 2062 823 2126 salum
846 2061 970 2127 satore
993 2063 1193 2128 Britannum

363 2175 475 2241 Ladas
498 2182 526 2240 et
549 2181 656 2240 assato
677 2177 823 2258 plautum
847 2197 933 2240 mare
953 2177 1075 2257 findere
1099 2177 1192 2241 lembo
1205 2180 1237 2255 ³).

222 2389 456 2474 Bisquisitione
486 2391 584 2472 igitur
619 2391 651 2451 in
684 2391 805 2473 priscas
829 2390 921 2452 sedes
947 2391 1104 2471 gentium,
1127 2408 1210 2471 quae
1234 2389 1304 2452 Bri-

177 2505 320 2567 tanniam
346 2507 594 2588 occupaverunt,
617 2502 700 2566 facta
723 2504 800 2566 haee
824 2508 965 2566 statuere
989 2521 1182 2587 possumus:

223 2616 367 2681 Saxones
391 2635 408 2680 e
430 2617 509 2698 loco,
534 2618 590 2698 qui
613 2617 654 2679 iis
680 2637 699 2679 a
722 2615 906 2680 Ptolemaeo
930 2616 1131 2698 adscribitur,
1151 2635 1299 2680 occasum

176 2750 292 2795 versus
317 2749 351 2794 se
374 2731 599 2808 extenderunt,
624 2728 770 2794 Chaucos
794 2737 1000 2813 exceperunt,
1023 2736 1145 2814 partem
1171 2728 1304 2794 Chama-

176 2864 290 2908 vorum
335 2849 438 2909 terrae
480 2843 714 2927 Bataviamque
759 2849 951 2923 tenuerunt3
987 2845 1080 2908 litora
1112 2844 1304 2909 infestantes

177 2960 270 3022 initio
295 2959 415 3022 saeculi
440 2959 546 3040 quinti
569 2959 603 3020 in
627 2957 822 3038 Aremorica,
844 2957 984 3041 Belgica,
1008 2964 1096 3040 parte
1116 2957 1302 3022 Britanniae

176 3077 234 3136 aut
264 3073 331 3154 jam
363 3071 526 3152 sederunt,
550 3074 606 3133 aut
630 3068 821 3134 creberrime
845 3070 1041 3134 incursando
1067 3072 1303 3154 quodammodo

176 3186 308 3249 saltem
333 3204 424 3248 suam
459 3184 606 3248 fecerunt
636 3184 798 3267 regionem
833 3184 1032 3247 maritimam.
1068 3183 1303 3266 Hujuscemodi

176 3299 353 3382 praedones
377 3298 503 3361 etiamsi
526 3295 671 3360 Saxones
694 3297 817 3380 proprii
840 3315 904 3359 non
931 3303 1046 3378 essent,
1070 3303 1177 3361 tamen
1192 3316 1304 3362 omnes

177 3414 239 3477 hoc
263 3413 393 3476 nomine
416 3409 601 3494 compellari
624 3409 903 3494 probabilisiruum
927 3415 982 3474 est.

220 3527 319 3610 Angli
352 3531 386 3590 et
419 3525 534 3588 Varini
565 3524 665 3588 Taciti
687 3529 790 3588 aetate
813 3526 847 3586 in
872 3525 971 3587 latere
993 3524 1183 3587 occidentali
1207 3524 1303 3588 maris

177 3639 293 3704 Baltici
318 3639 409 3704 sedes
435 3639 603 3719 habebant,
625 3643 697 3722 post
719 3637 906 3701 Britanniae
926 3639 1167 3721 occupationem
1182 3657 1223 3702 ex
1236 3639 1303 3701 An-

177 3755 241 3838 glia
265 3753 458 3818 Slesviceusi
481 3753 608 3817 venisse
631 3752 729 3835 Angli
751 3751 913 3831 dicuntur,
932 3750 1044 3834 ibique
1056 3756 1178 3834 partem
1192 3769 1302 3815 eorum

177 3868 369 3952 (Anglorum
405 3867 560 3949 majorum
598 3865 729 3947 scilicet,
762 3865 797 3928 in
833 3884 936 3928 unum
960 3864 1115 3948 populum
1141 3867 1306 3929 conversis

212 4126 239 4190 l)
259 4125 393 4176 Ammiani
412 4125 491 4175 verba
510 4129 574 4174 suut
595 4122 726 4188 (XXVlll,
744 4122 769 4185 2,
785 4122 838 4186 le).

210 4219 240 4283 2)
258 4219 345 4270 Arum.
364 4219 445 4267 Marc.
463 4215 555 4278 XXVI,
573 4215 597 4279 l,
614 4214 643 4265 5:
664 4215 728 4264 »hoc
748 4219 867 4277 tempore
880 4253 885 4264 .
896 4253 902 4265 .
913 4253 919 4265 .
929 4216 997 4265 Picti
1008 4215 1177 4279 Saxonesque
1187 4221 1213 4266 et
1224 4216 1297 4267 Scott

179 4315 205 4358 et
227 4309 344 4359 Atecotti
365 4307 506 4357 Britannos
524 4306 662 4356 aerumnis
681 4320 810 4355 vexavere
830 4306 989 4356 continuis.”

212 4399 239 4463 3)
257 4399 311 4450 Sid.
337 4399 421 4462 Apoll.
451 4398 537 4448 Carm.
563 4397 609 4447 Vll
627 4397 739 4460 (Avito),
758 4411 795 4446 vs.
813 4396 860 4446 371
882 4412 939 4462 sqq.
958 4398 989 4447 Et
1008 4399 1127 4448 nondum
1146 4399 1242 4462 etjam
1262 4414 1306 4450 oc·

175 4497 291 4555 cupatus
310 4491 426 4544 Saxones
445 4505 552 4554 sperare
572 4488 623 4538 diei
643 4491 730 4550 potest
747 4492 850 4539 tractus
870 4489 1033 4541 Armorious.
