3244 5296
853 531 897 596 94

313 729 430 786 terram
454 720 630 784 Romanam
656 717 875 782 habitantibus
898 718 1014 799 agitur,
1037 717 1076 779 de
1098 715 1194 780 Saliis
1217 717 1325 799 igitur.
1338 715 1435 781 Male-

312 835 378 900 fido
412 835 541 919 quidem
577 833 633 897 sed
667 833 740 897 utili
773 838 954 896 commenta
985 833 1082 894 etiam
1106 850 1191 894 anno
1215 832 1279 893 375
1304 837 1435 896 anctore

315 951 466 1012 Amano
482 951 501 1026 ¹)
526 946 775 1011 Valentinianus
801 947 911 1025 utitur,
934 963 1009 1008 cnm
1032 945 1163 1023 peremit
1185 943 1248 1022 iam
1273 964 1437 1008 mnocrsos

313 1061 358 1126 aa
390 1059 590 1125 mamaea
622 1059 739 1124 rabiem
772 1056 920 1138 Summas,
942 1076 1064 1140 semper
1086 1055 1219 1137 quolibet
1241 1056 1437 1136 ineaplorato

314 1181 448 1254 menes,
473 1174 651 1260 delatosque
680 1179 756 1236 tunc
779 1171 834 1256 [ad
856 1169 1033 1255 terrestlres
1054 1177 1186 1252 tractus,
1210 1190 1343 1257 quorum
1366 1190 1435 1255 spo-

315 1287 366 1351 liis
397 1307 498 1368 paene
529 1287 691 1351 redierant
724 1284 842 1370 [onusti
876 1285 926 1348 vel
951 1283 1133 1367 locupletes}
1158 1283 1206 1349 De
1228 1286 1278 1349 his
1305 1304 1437 1369 quoque

315 1401 498 1466 Senonibus
534 1399 613 1463 nihil
647 1400 809 1478 novimus,
842 1397 978 1462 fortasse
1008 1396 1104 1462 iidem
1129 1406 1206 1462 sunt
1230 1418 1267 1463 aa
1291 1397 1437 1462 Saxones

315 1517 393 1579 anni
418 1516 492 1596 370,
514 1514 650 1578 fortusse
672 1513 722 1577 bis
745 1511 865 1596 perfide
886 1519 1021 1595 egerunt
1043 1511 1189 1576 Romani.
1206 1512 1268 1577 Sed
1282 1514 1438 1597 quicquid

316 1629 436 1694 factum
472 1635 529 1710 est,
566 1625 810 1692 Valentinianus
840 1627 950 1690 merita
972 1628 1171 1708 timebantur,
1194 1627 1278 1713 quod
1299 1627 1390 1690 aucit
1410 1633 1439 1690 et

316 1745 471 1808 exercitus
496 1740 598 1806 aalide
619 1740 832 1824 sappmnenu
853 1746 883 1805 et
905 1741 1067 1826 utrobique
1090 1740 1236 1806 Rhenum
1259 1740 1440 1805 celsioribus

315 1857 428 1920 caetris
461 1855 594 1918 munivit
627 1861 720 1938 atque
752 1852 894 1934 acme,
927 1873 967 1917 ne
1001 1853 1099 1918 batere
1120 1875 1253 1939 usquam
1277 1853 1374 1918 bostis
1396 1855 1440 1918 ad

319 1975 426 2034 nostra
461 1989 493 2032 se
522 1969 705 2052 proripiens
732 1968 883 2050 possim„
920 1969 1033 2032 merita
1068 1967 1202 2032 Rhenus
1232 1967 1386 2032 defensus
1408 1974 1440 2032 et

317 2083 461 2148 Saxones
496 2083 572 2146 vieti
607 2102 625 2145 u
660 2080 784 2144 Paeane
798 2077 821 2160 ³)
852 2087 1162 2144 commemorantur:
1196 2079 1279 2160 Quid
1306 2073 1440 2165 inquam

316 2194 460 2280 faciam?
493 2215 572 2281 quoe
607 2193 735 2258 Rhenus
767 2198 824 2257 aut
852 2189 984 2257 Vahalis
1001 2193 1080 2257 uidit
1102 2193 1296 2276 aqqrediar?
1317 2194 1385 2274 jam
1407 2213 1440 2257 se

318 2308 394 2372 mihi
428 2307 608 2374 Sarmatica
641 2307 733 2371 caede
767 2308 962 2392 sanquineus
997 2305 1108 2370 Hister
1131 2307 1259 2390 abluiet.
1283 2307 1440 2371 Attritam

236 2475 240 2480 .
313 2422 511 2507 pedestribus
543 2421 669 2502 proeliis
703 2420 914 2485 Britanniam
948 2420 1112 2506 referam?
1135 2421 1219 2486 Saso
1241 2425 1441 2500 consumptus

318 2535 404 2602 bellis
437 2535 601 2600 naualibus
634 2533 788 2614 offeretur.
824 2532 872 2599 De
906 2532 1018 2598 Rheno
1053 2535 1121 2598 solo
1153 2536 1279 2618 imperii
1302 2536 1439 2599 termino

318 2652 516 2715 communito
550 2650 626 2712 alibi
661 2649 840 2732 loquuntur
875 2654 1030 2728 austerae,
1064 2649 1117 2712 hic
1147 2647 1279 2713 Vahalis
1309 2667 1440 2732 quoqne

319 2768 520 2841 nominatum
557 2763 643 2828 unde
677 2769 807 2846 apparet
838 2764 887 2827 his
910 2763 1109 2846 temporibus
1134 2768 1171 2825 ut
1193 2769 1286 2826 antea
1309 2781 1440 2847 quoque

319 2880 469 2958 vidimus,
502 2879 632 2960 saepius
665 2875 769 2940 Rheni
806 2877 937 2940 nomine
972 2876 1034 2939 diei
1069 2875 1234 2957 Vahalem,
1268 2877 1438 2960 imperium

319 3014 395 3059 vero
418 2993 530 3058 Rheno
554 2992 735 3075 Vahalique
757 2992 930 3055 terminari.

364 3107 477 3192 Usque
511 3106 551 3170 ud
585 3125 707 3169 annum
744 3105 808 3167 388
844 3105 924 3167 nihil
948 3104 987 3168 de
1010 3103 1207 3167 Francorum
1232 3102 1441 3168 Saxonnmve

320 3219 554 3305 irruptionibus
577 3220 733 3303 legimus3
758 3237 864 3302 neque
876 3224 994 3296 tamen,
1009 3219 1095 3301 qnod
1108 3218 1148 3281 ad
1161 3217 1306 3282 Saxones
1317 3219 1442 3299 attinet,

320 3335 578 3400 concludendum
612 3339 661 3397 est
695 3334 834 3416 quietem
869 3332 942 3396 illos
973 3333 1085 3415 egisse,
1119 3331 1174 3396 sed
1198 3337 1270 3415 post
1299 3351 1442 3415 pugnum

320 3449 637 3532 Adrianopolitenem
669 3445 806 3510 Valente
837 3447 942 3509 acciso
973 3446 1060 3529 operi
1084 3465 1143 3509 sno
1166 3444 1263 3510 finem
1288 3447 1443 3528 imposuit

320 3565 513 3627 Ammianus
536 3560 743 3625 Marcellinus
766 3567 797 3624 et
821 3560 881 3624 hoe
904 3560 986 3624 duee
1007 3562 1091 3624 inter
1114 3579 1223 3624 rernm
1245 3560 1441 3625 Gallicarum

320 3676 431 3740 turbas
454 3674 547 3738 nobis
571 3680 678 3757 erepto
701 3674 798 3737 exilia
809 3674 1030 3737 tantummodo
1042 3674 1081 3737 de
1092 3673 1292 3757 temporibus
1305 3693 1441 3757 sequen·

320 3791 407 3856 tibus
443 3788 535 3853 nobis
558 3788 764 3876 suppeditant
786 3788 912 3850 indicia.
938 3789 982 3851 nt
1003 3786 1119 3851 Franci
1143 3787 1286 3851 Gratiani
1310 3787 1441 3871 quidem

320 3911 422 3970 aetate
444 3904 643 3982 (stu-383)
668 3901 794 3966 duobus
819 3902 896 3966 locis
921 3908 1227 3982 commemorantum
1243 3901 1442 3966 bellicantra

319 4020 517 4085 Alamannos
543 4017 675 4101 gerendi
697 4017 784 4096 (377)
806 4014 977 4080 Nannieno
1001 4017 1166 4099 negotium
1190 4015 1278 4080 dedit
1302 4016 1437 4098 imperu-

352 4315 381 4380 t)
397 4315 480 4377 XXX,
497 4312 521 4380 7,
537 4313 562 4365 8.

354 4407 383 4474 2)
401 4406 467 4457 ibid.
484 4403 509 4456 6.

356 4498 384 4566 3)
401 4497 489 4550 Latini
507 4495 597 4550 Paesti
614 4496 739 4559 Drepanii
756 4495 936 4560 Panegyricus
953 4493 1098 4545 Theodosio
1116 4493 1250 4559 Augustm
1265 4495 1329 4546 Pan.
1348 4495 1408 4560 XII,
1416 4495 1441 4546 5.
