3244 5296
734 465 796 528 113

198 653 353 717 orientem
392 670 504 716 versus
539 651 682 715 babitare
713 656 844 735 possent
865 650 1030 735 Thuringi.
1054 651 1126 715 Non
1150 651 1263 735 procul
1286 650 1325 715 ab

196 767 242 830 iis
267 766 430 830 meridiem
455 784 569 829 versus
594 764 843 848 Burgundiones
863 765 956 829 sedes
976 763 1143 848 habebant,
1164 767 1327 850 sicpergit

200 885 319 943 noster.
355 879 605 962 Burgundiones
640 900 658 943 a
690 878 819 943 Vistula
854 879 894 942 ad
927 877 1125 960 Danuvium,
1149 879 1263 944 deinde
1285 880 1325 945 ad

199 992 351 1057 Rhenum
388 995 595 1076 superiorem,
630 997 790 1076 postremo
826 992 865 1056 ad
899 991 1090 1057 Rhodanum
1122 997 1326 1058 transeuntes

201 1125 278 1169 cum
311 1106 480 1188 Thuringis
514 1107 714 1170 cisrhenanis
749 1107 839 1170 nullo
875 1107 969 1170 modo
1001 1107 1150 1191 componi
1181 1112 1327 1191 possunt,

202 1227 313 1284 contra
344 1225 517 1304 antequam
546 1239 682 1305 regnum
707 1219 747 1283 ad
770 1219 875 1284 Rheni
898 1222 998 1304 ripam
1024 1220 1246 1301 condiderunt,
1269 1220 1327 1284 uli·

204 1334 359 1417 quamdiu
383 1335 638 1398 Alamannorum
662 1334 791 1398 finitimi
815 1333 1028 1398 occidentales
1048 1334 1176 1398 fuerant
1188 1334 1211 1414 ¹)
1231 1338 1328 1416 atque

202 1467 241 1511 eo
277 1453 418 1530 tempore
453 1467 565 1512 revera
600 1448 638 1512 ad
676 1448 840 1512 meridiem
877 1467 990 1512 versus
1021 1449 1116 1531 juxta
1146 1446 1327 1531 Thuringos

202 1561 453 1625 transrhenanos
487 1559 649 1626 sedebant.
685 1560 799 1644 Itaque
833 1581 907 1644 pars
942 1563 1028 1645 prior
1052 1560 1114 1625 loci
1137 1560 1328 1645 Procopiani

204 1673 244 1736 ad
285 1672 464 1757 Thoringos
506 1675 725 1756 cisrhenanos‚
767 1694 840 1758 pars
882 1676 1039 1757 posterior
1073 1673 1112 1737 ad
1146 1673 1328 1758 Thuringos

204 1789 454 1852 transrhenanos
486 1792 631 1871 pertinet,
664 1790 749 1851 inter
782 1807 863 1871 quos
888 1791 1019 1852 omnino
1044 1806 1109 1851 non
1134 1787 1283 1852 distinxit
1296 1791 1327 1867 Ι).

205 1901 354 1965 Ceterum
389 1903 449 1964 hoc
483 1902 554 1965 loco
588 1902 789 1965 diversorum
821 1907 1001 1986 temporum
1026 1902 1145 1965 indicia
1167 1903 1200 1965 in
1226 1921 1327 1966 unum

204 2015 362 2078 coaluisse
385 2021 524 2098 apparet,
547 2017 591 2078 ita
616 2020 650 2078 ut
674 2015 713 2079 de
736 2016 851 2078 horum
876 2016 1068 2099 populorum
1090 2017 1162 2099 ipsa
1181 2014 1328 2099 Procopii

205 2132 307 2192 aetate
331 2127 462 2192 sedibus
486 2129 569 2191 nihil
592 2128 668 2192 inde
691 2127 817 2193 efficere
841 2129 959 2192 malim.

251 2241 432 2325 Hucusque
466 2261 541 2306 cum
576 2242 793 2326 pervenimus,
829 2242 970 2306 Francos
1000 2244 1034 2304 in
1072 2241 1191 2306 Gallias
1226 2247 1329 2307 trans·

205 2374 333 2439 gressos
373 2356 438 2438 jam
484 2360 600 2420 missos
638 2356 741 2420 faeere
772 2376 955 2440 possumus.
989 2356 1027 2418 In
1063 2355 1330 2439 praecedentibus

206 2470 285 2533 haec
320 2470 476 2534 vidimus:
513 2469 594 2534 Inde
628 2469 768 2534 aProbi
804 2475 947 2554 tempore
971 2470 1138 2553 usquead
1161 2469 1330 2534 Julianum

208 2584 344 2647 Batavia
366 2605 384 2647 a
408 2583 540 2648 Francis
565 2583 784 2664 habitabatur3
812 2583 874 2648 sub
898 2584 1031 2648 Juliano
1056 2584 1107 2647 vel
1119 2585 1215 2668 paulo
1228 2589 1330 2648 antea

206 2703 303 2780 gente
315 2695 474 2760 Saxonica
487 2696 697 2779 ejiciebantur
710 2698 1045 2782 transmigrabantque
1057 2701 1090 2761 in
1098 2697 1330 2777 Toxandriam

208 2810 352 2874 Saxones
377 2814 410 2874 in
437 2810 570 2874 Bataria
594 2811 812 2876 remanebant.
837 2809 928 2874 Circa
952 2831 1074 2875 annum
1099 2811 1331 2875 casaroma-

209 2925 278 2988 dria
302 2926 352 2989 vel
375 2925 547 3009 Thoringia
569 2928 618 3004 (ut
641 2931 751 3009 postea
775 2926 965 3009 appellatur)
990 2927 1023 2988 in
1045 2924 1180 2988 Galliam
1202 2925 1332 2989 interio-

209 3057 276 3102 rem
300 3039 433 3122 prolecti
457 3044 533 3104 sunt
558 3038 690 3119 Franci3
715 3040 811 3123 paulo
836 3046 907 3123 post
929 3039 1101 3122 Fhoringia
1120 3038 1252 3103 Francis
1267 3057 1331 3101 non

210 3152 349 3235 amplius
366 3179 369 3185 ·
385 3152 529 3235 subjecta
563 3160 638 3235 erat,
673 3173 691 3217 a
726 3152 950 3216 chlodovecho
987 3171 1062 3217 vero
1094 3171 1209 3216 rursus
1232 3170 1332 3234 regno

209 3264 363 3330 Francico
388 3267 540 3349 adjuncta
565 3272 621 3331 est.

213 3422 358 3430 —

243 3512 271 3578 1)
289 3513 347 3564 Vid.
366 3514 487 3580 Banasa,
505 3514 541 3564 l.l.
562 3530 586 3579 p.
604 3512 654 3564 824
671 3529 709 3578 sq,

243 3604 272 3668 2)
289 3605 388 3656 Eodem
415 3606 492 3656 modo
519 3605 692 3671 Geographus
719 3606 861 3656 Ravennas
887 3605 1056 3670 Turringiam
1084 3606 1333 3671 (transrhenanam)

211 3696 364 3748 describens
400 3697 473 3748 addit
508 3697 563 3762 (ΙΙΙ,
589 3696 648 3761 25):
679 3712 762 3760 aquae
789 3696 941 3760 antiquitus
968 3696 1111 3746 Germania
1135 3696 1335 3760 nuncupatur”.

212 3788 357 3838 Germanos
392 3789 498 3838 eosdem
525 3803 582 3839 osse
608 3804 639 3839 ac
666 3789 781 3839 Francos
808 3792 835 3838 et
860 3789 906 3839 alii
932 3793 1106 3852 putaverunt,
1133 3793 1164 3838 ut
1191 3788 1335 3852 Procopius

212 3880 259 3942 (ΙΙ.
285 3885 312 3929 et
338 3880 403 3930 Bell.
429 3881 513 3931 Vand.
541 3881 560 3945 Ι,
583 3879 618 3946 3),
637 3881 764 3945 Agathias
781 3881 812 3946 (Ι,
831 3879 867 3945 2),
885 3880 1047 3944 quibuscum
1066 3881 1220 3931 conferatur
1238 3879 1335 3931 Suidae

212 3971 394 4035 fragmentum
412 3972 457 4036 (ΙΙ,
474 3969 524 4020 994
541 3970 593 4034 Κ.),
614 3976 640 4021 et
658 3972 715 4034 ipse
734 3971 907 4036 Gangraphus
923 3971 956 4021 de
975 3969 1059 4022 Gallia
1069 3971 1174 4036 Belgica
1184 3971 1336 4034 Germania,

212 4076 293 4125 quam
313 4063 477 4112 Francorum
496 4062 611 4126 possidet
630 4063 702 4112 natio
721 4063 763 4127 (V,
780 4059 826 4127 28)
844 4066 870 4112 et
889 4062 921 4112 de
940 4061 1135 4113 Germanorum
1155 4061 1249 4125 patria,
1267 4076 1336 4124 quae

213 4171 227 4203 a
254 4154 363 4204 Francis
380 4153 536 4203 dominatur
553 4153 584 4219 (Ι,
602 4152 647 4217 ΙΙ)
666 4168 747 4218 agens
765 4154 828 4216 tloci
846 4153 965 4204 citantur
983 4154 1053 4216 apud
1072 4153 1153 4203 Zeuss
1170 4152 1205 4202 ΙΙ.
1224 4166 1248 4215 p.
1265 4150 1336 4214 334).

216 4243 347 4307 Equidem
374 4245 534 4295 Germaniae
562 4259 659 4295 nomen
687 4245 844 4309 Turringiae
870 4244 1043 4310 adscripsisse
1070 4249 1135 4307 puto
1151 4242 1338 4307 Geographum

214 4337 256 4385 vel
291 4337 393 4386 sontem
429 4336 499 4401 ejuS,
532 4337 595 4400 quia
622 4336 649 4386 in
675 4336 818 4401 Thoringia
846 4337 1005 4388 cisrhenana
1032 4351 1126 4387 revera
1152 4335 1338 4386 habitaverant

215 4426 381 4492 »Germani”,
399 4428 416 4479 i.
435 4443 458 4478 e.
477 4428 580 4478 Franci.

1221 4517 1238 4568 8
