<?xml version="1.0" encoding="UTF-8"?>
<!DOCTYPE html PUBLIC "-//W3C//DTD XHTML 1.0 Transitional//EN"
    "http://www.w3.org/TR/xhtml1/DTD/xhtml1-transitional.dtd">
<html xmlns="http://www.w3.org/1999/xhtml" xml:lang="en" lang="en">
 <head>
  <title>
</title>
<meta http-equiv="Content-Type" content="text/html;charset=utf-8" />
  <meta name='ocr-system' content='tesseract 3.04.00' />
  <meta name='ocr-capabilities' content='ocr_page ocr_carea ocr_par ocr_line ocrx_word'/>
</head>
<body>
  <div class='ocr_page' id='page_1' title='image "./depopulisgerman00kromgoog_0161.png"; bbox 0 0 3244 5296; ppageno 0'>
   <div class='ocr_carea' id='block_1_1' title="bbox 845 563 908 626">
    <p class='ocr_par' dir='ltr' id='par_1_1' title="bbox 845 563 908 626">
     <span class='ocr_line' id='line_1_1' title="bbox 845 563 908 626; baseline 0 0"><span class='ocrx_word' id='word_1_1' title='bbox 845 563 908 626; x_wconf 81' lang='lat'><strong>140</strong></span> 
     </span>
    </p>
   </div>
   <div class='ocr_carea' id='block_1_2' title="bbox 312 745 1430 832">
    <p class='ocr_par' dir='ltr' id='par_1_2' title="bbox 312 745 1430 832">
     <span class='ocr_line' id='line_1_2' title="bbox 312 745 1430 832; baseline 0.002 -20"><span class='ocrx_word' id='word_1_2' title='bbox 312 745 458 828; x_wconf 71' lang='grc' dir='ltr'><em>Φροὶνγυν</em></span> <span class='ocrx_word' id='word_1_3' title='bbox 489 747 638 826; x_wconf 60' lang='grc' dir='ltr'><strong>βασιλεὺς</strong></span> <span class='ocrx_word' id='word_1_4' title='bbox 669 749 720 812; x_wconf 73' lang='grc' dir='ltr'><strong>ἐπὶ</strong></span> <span class='ocrx_word' id='word_1_5' title='bbox 746 747 895 832; x_wconf 73' lang='grc' dir='ltr'><em>πρεσβείου</em></span> <span class='ocrx_word' id='word_1_6' title='bbox 918 753 974 812; x_wconf 79' lang='grc' dir='ltr'><strong>τῶν</strong></span> <span class='ocrx_word' id='word_1_7' title='bbox 998 749 1022 812; x_wconf 83' lang='grc' dir='ltr'><strong>οἱ</strong></span> <span class='ocrx_word' id='word_1_8' title='bbox 1047 748 1217 822; x_wconf 75' lang='grc' dir='ltr'><em>ἐπιτηδείων</em></span> <span class='ocrx_word' id='word_1_9' title='bbox 1239 749 1323 822; x_wconf 68' lang='grc' dir='ltr'><em>τινος</em></span> <span class='ocrx_word' id='word_1_10' title='bbox 1347 750 1430 830; x_wconf 74' lang='grc' dir='ltr'><em>πυροὶ</em></span> 
     </span>
    </p>
   </div>
   <div class='ocr_carea' id='block_1_3' title="bbox 308 859 1433 4134">
    <p class='ocr_par' dir='ltr' id='par_1_3' title="bbox 309 859 1432 2654">
     <span class='ocr_line' id='line_1_3' title="bbox 311 859 1430 942; baseline 0 -16"><span class='ocrx_word' id='word_1_11' title='bbox 311 861 448 939; x_wconf 81' lang='grc' dir='ltr'><em>βοοονλὲοο</em></span> <span class='ocrx_word' id='word_1_12' title='bbox 471 862 676 928; x_wconf 81' lang='grc' dir='ltr'><em>Ἰουοτνννοονὸν</em></span> <span class='ocrx_word' id='word_1_13' title='bbox 699 864 729 936; x_wconf 83' lang='grc' dir='ltr'><strong>ἐς</strong></span> <span class='ocrx_word' id='word_1_14' title='bbox 752 861 909 942; x_wconf 76' lang='grc' dir='ltr'><em>Βυζάντοον</em></span> <span class='ocrx_word' id='word_1_15' title='bbox 932 862 1056 935; x_wconf 78' lang='grc' dir='ltr'><em>οτείλοος</em></span> <span class='ocrx_word' id='word_1_16' title='bbox 1075 859 1182 942; x_wconf 70' lang='grc' dir='ltr'><em>ἄνδρες</em></span> <span class='ocrx_word' id='word_1_17' title='bbox 1201 863 1303 935; x_wconf 70' lang='lat' dir='ltr'><strong>adroic</strong></span> <span class='ocrx_word' id='word_1_18' title='bbox 1322 863 1355 926; x_wconf 82' lang='grc' dir='ltr'><strong>ἐκ</strong></span> <span class='ocrx_word' id='word_1_19' title='bbox 1374 868 1430 927; x_wconf 74' lang='grc' dir='ltr'><strong>τῶν</strong></span> 
     </span>
     <span class='ocr_line' id='line_1_4' title="bbox 310 972 1430 1058; baseline 0.001 -19"><span class='ocrx_word' id='word_1_20' title='bbox 310 975 467 1054; x_wconf 57' lang='lat' dir='ltr'><strong>&#39;Aminea</strong></span> <span class='ocrx_word' id='word_1_21' title='bbox 497 972 685 1054; x_wconf 69' lang='grc' dir='ltr'><em>ξυνέπεμψε,</em></span> <span class='ocrx_word' id='word_1_22' title='bbox 718 976 973 1058; x_wconf 72' lang='grc' dir='ltr'><strong>φιλοτιμούμενος</strong></span> <span class='ocrx_word' id='word_1_23' title='bbox 1003 979 1040 1050; x_wconf 83' lang='grc' dir='ltr'><strong>ὠς</strong></span> <span class='ocrx_word' id='word_1_24' title='bbox 1064 976 1114 1040; x_wconf 74' lang='grc' dir='ltr'><strong>κον)</strong></span> <span class='ocrx_word' id='word_1_25' title='bbox 1139 979 1156 1051; x_wconf 71' lang='grc' dir='ltr'><strong><em>ἦ</em></strong></span> <span class='ocrx_word' id='word_1_26' title='bbox 1180 985 1263 1052; x_wconf 77' lang='grc' dir='ltr'><em>νῆσος</em></span> <span class='ocrx_word' id='word_1_27' title='bbox 1286 974 1337 1050; x_wconf 71' lang='grc' dir='ltr'><strong>ἥδε</strong></span> <span class='ocrx_word' id='word_1_28' title='bbox 1361 978 1430 1058; x_wconf 78' lang='grc' dir='ltr'><strong>πρὸς</strong></span> 
     </span>
     <span class='ocr_line' id='line_1_5' title="bbox 310 1087 1429 1176; baseline 0.001 -23"><span class='ocrx_word' id='word_1_29' title='bbox 310 1090 403 1154; x_wconf 70' lang='grc' dir='ltr'><em>αὐτοῦ</em></span> <span class='ocrx_word' id='word_1_30' title='bbox 435 1087 576 1170; x_wconf 57' lang='lat' dir='ltr'><strong>aipafras.</strong></span> <span class='ocrx_word' id='word_1_31' title='bbox 609 1091 764 1176; x_wconf 79' lang='lat' dir='ltr'><strong>Sequitur</strong></span> <span class='ocrx_word' id='word_1_32' title='bbox 788 1093 927 1156; x_wconf 90' lang='lat' dir='ltr'><strong>narratio</strong></span> <span class='ocrx_word' id='word_1_33' title='bbox 952 1092 991 1156; x_wconf 88' lang='lat' dir='ltr'><strong>de</strong></span> <span class='ocrx_word' id='word_1_34' title='bbox 1018 1090 1230 1174; x_wconf 85' lang='lat' dir='ltr'><strong>Hermegisilo</strong></span> <span class='ocrx_word' id='word_1_35' title='bbox 1253 1110 1328 1175; x_wconf 84' lang='lat' dir='ltr'><strong>rege</strong></span> <span class='ocrx_word' id='word_1_36' title='bbox 1351 1091 1429 1154; x_wconf 85' lang='lat' dir='ltr'><strong>Var-</strong></span> 
     </span>
     <span class='ocr_line' id='line_1_6' title="bbox 310 1205 1430 1290; baseline 0.002 -23"><span class='ocrx_word' id='word_1_37' title='bbox 310 1223 436 1286; x_wconf 89' lang='lat' dir='ltr'><strong>norum‚</strong></span> <span class='ocrx_word' id='word_1_38' title='bbox 459 1207 516 1289; x_wconf 94' lang='lat' dir='ltr'><strong>qui</strong></span> <span class='ocrx_word' id='word_1_39' title='bbox 539 1206 624 1290; x_wconf 87' lang='lat' dir='ltr'><strong>regis</strong></span> <span class='ocrx_word' id='word_1_40' title='bbox 648 1205 844 1269; x_wconf 80' lang='lat' dir='ltr'>Francorum</span> <span class='ocrx_word' id='word_1_41' title='bbox 869 1225 1006 1270; x_wconf 88' lang='lat' dir='ltr'><strong>sororem</strong></span> <span class='ocrx_word' id='word_1_42' title='bbox 1030 1205 1231 1268; x_wconf 91' lang='lat' dir='ltr'><strong>matrimonio</strong></span> <span class='ocrx_word' id='word_1_43' title='bbox 1244 1205 1430 1287; x_wconf 75' lang='lat' dir='ltr'><strong>sibiJunxe</strong></span> 
     </span>
     <span class='ocr_line' id='line_1_7' title="bbox 310 1318 1430 1402; baseline 0.002 -20"><span class='ocrx_word' id='word_1_44' title='bbox 310 1325 368 1400; x_wconf 84' lang='lat' dir='ltr'><strong>rat,</strong></span> <span class='ocrx_word' id='word_1_45' title='bbox 398 1321 484 1402; x_wconf 87' lang='lat' dir='ltr'><strong>regis</strong></span> <span class='ocrx_word' id='word_1_46' title='bbox 507 1319 686 1402; x_wconf 84' lang='lat' dir='ltr'><strong>Angiorum</strong></span> <span class='ocrx_word' id='word_1_47' title='bbox 712 1338 852 1383; x_wconf 90' lang='lat' dir='ltr'><strong>sororem</strong></span> <span class='ocrx_word' id='word_1_48' title='bbox 877 1318 942 1382; x_wconf 86' lang='lat' dir='ltr'><strong>filio</strong></span> <span class='ocrx_word' id='word_1_49' title='bbox 966 1319 1195 1402; x_wconf 80' lang='lat' dir='ltr'><strong>spoponderat3</strong></span> <span class='ocrx_word' id='word_1_50' title='bbox 1221 1319 1430 1384; x_wconf 91' lang='lat' dir='ltr'><strong>moribundus</strong></span> 
     </span>
     <span class='ocr_line' id='line_1_8' title="bbox 309 1431 1431 1516; baseline 0 -20"><span class='ocrx_word' id='word_1_51' title='bbox 309 1431 410 1496; x_wconf 87' lang='lat' dir='ltr'><strong>filium</strong></span> <span class='ocrx_word' id='word_1_52' title='bbox 447 1452 597 1516; x_wconf 84' lang='lat' dir='ltr'>sponsam</span> <span class='ocrx_word' id='word_1_53' title='bbox 632 1433 810 1516; x_wconf 86' lang='lat' dir='ltr'><strong>repudiare,</strong></span> <span class='ocrx_word' id='word_1_54' title='bbox 842 1451 1009 1497; x_wconf 87' lang='lat' dir='ltr'><strong>novercam</strong></span> <span class='ocrx_word' id='word_1_55' title='bbox 1044 1451 1176 1496; x_wconf 83' lang='lat' dir='ltr'><strong>uxorem</strong></span> <span class='ocrx_word' id='word_1_56' title='bbox 1202 1433 1320 1497; x_wconf 89' lang='lat' dir='ltr'><strong>ducere</strong></span> <span class='ocrx_word' id='word_1_57' title='bbox 1339 1433 1431 1515; x_wconf 90' lang='lat' dir='ltr'><strong>jubet</strong></span> 
     </span>
     <span class='ocr_line' id='line_1_9' title="bbox 312 1545 1428 1631; baseline 0.002 -23"><span class='ocrx_word' id='word_1_58' title='bbox 312 1547 494 1612; x_wconf 89' lang='lat' dir='ltr'><strong>Varnorum</strong></span> <span class='ocrx_word' id='word_1_59' title='bbox 537 1547 717 1612; x_wconf 89' lang='lat' dir='ltr'><strong>rationibus</strong></span> <span class='ocrx_word' id='word_1_60' title='bbox 754 1549 854 1631; x_wconf 84' lang='lat' dir='ltr'><strong>magis</strong></span> <span class='ocrx_word' id='word_1_61' title='bbox 890 1548 1068 1611; x_wconf 89' lang='lat' dir='ltr'><strong>conducere</strong></span> <span class='ocrx_word' id='word_1_62' title='bbox 1102 1545 1296 1611; x_wconf 83' lang='lat' dir='ltr'><strong>Francorum</strong></span> <span class='ocrx_word' id='word_1_63' title='bbox 1333 1568 1428 1631; x_wconf 92' lang='lat' dir='ltr'><strong>quam</strong></span> 
     </span>
     <span class='ocr_line' id='line_1_10' title="bbox 309 1657 1431 1740; baseline 0 -17"><span class='ocrx_word' id='word_1_64' title='bbox 309 1661 532 1725; x_wconf 91' lang='lat' dir='ltr'><strong>insulanorum</strong></span> <span class='ocrx_word' id='word_1_65' title='bbox 568 1660 754 1724; x_wconf 86' lang='lat' dir='ltr'><strong>affinitatem</strong></span> <span class='ocrx_word' id='word_1_66' title='bbox 791 1680 942 1726; x_wconf 86' lang='lat' dir='ltr'><strong>censens:</strong></span> <span class='ocrx_word' id='word_1_67' title='bbox 968 1657 1097 1739; x_wconf 82' lang='grc' dir='ltr'><em>Βρίττοοο</em></span> <span class='ocrx_word' id='word_1_68' title='bbox 1120 1661 1175 1736; x_wconf 84' lang='grc' dir='ltr'><strong>μὲν</strong></span> <span class='ocrx_word' id='word_1_69' title='bbox 1198 1659 1257 1740; x_wconf 72' lang='grc' dir='ltr'><strong>γὰρ</strong></span> <span class='ocrx_word' id='word_1_70' title='bbox 1280 1660 1345 1724; x_wconf 78' lang='grc' dir='ltr'><em>οὐδὲ</em></span> <span class='ocrx_word' id='word_1_71' title='bbox 1368 1657 1431 1725; x_wconf 75' lang='grc' dir='ltr'><em>ὅσον</em></span> 
     </span>
     <span class='ocr_line' id='line_1_11' title="bbox 311 1769 1429 1854; baseline 0.002 -18"><span class='ocrx_word' id='word_1_72' title='bbox 311 1773 521 1852; x_wconf 75' lang='grc' dir='ltr'><strong>ἐπιμίγνυσθαι</strong></span> <span class='ocrx_word' id='word_1_73' title='bbox 547 1774 614 1850; x_wconf 82' lang='grc' dir='ltr'><em>ὑμῖν</em></span> <span class='ocrx_word' id='word_1_74' title='bbox 639 1769 691 1838; x_wconf 81' lang='grc' dir='ltr'><em>οἷοί</em></span> <span class='ocrx_word' id='word_1_75' title='bbox 712 1773 747 1838; x_wconf 82' lang='grc' dir='ltr'><strong>τέ</strong></span> <span class='ocrx_word' id='word_1_76' title='bbox 771 1773 853 1846; x_wconf 77' lang='grc' dir='ltr'><em>εἷσον,</em></span> <span class='ocrx_word' id='word_1_77' title='bbox 878 1770 922 1838; x_wconf 73' lang='grc' dir='ltr'><strong>ὅτι</strong></span> <span class='ocrx_word' id='word_1_78' title='bbox 948 1775 991 1850; x_wconf 70' lang='grc' dir='ltr'><strong>μὴ</strong></span> <span class='ocrx_word' id='word_1_79' title='bbox 1012 1773 1180 1852; x_wconf 76' lang='grc' dir='ltr'><em>οψέεεκοοὶ</em></span> <span class='ocrx_word' id='word_1_80' title='bbox 1193 1773 1292 1852; x_wconf 77' lang='grc' dir='ltr'><em>μόλις.</em></span> <span class='ocrx_word' id='word_1_81' title='bbox 1306 1771 1429 1854; x_wconf 78' lang='grc' dir='ltr'><em>Οὕοορνοι</em></span> 
     </span>
     <span class='ocr_line' id='line_1_12' title="bbox 311 1883 1428 1968; baseline -0.001 -17"><span class='ocrx_word' id='word_1_82' title='bbox 311 1888 342 1951; x_wconf 77' lang='grc' dir='ltr'><strong>δὲ</strong></span> <span class='ocrx_word' id='word_1_83' title='bbox 362 1887 414 1951; x_wconf 72' lang='grc' dir='ltr'><strong>κον)</strong></span> <span class='ocrx_word' id='word_1_84' title='bbox 440 1885 573 1968; x_wconf 60' lang='lat' dir='ltr'><strong>optma</strong></span> <span class='ocrx_word' id='word_1_85' title='bbox 597 1886 681 1952; x_wconf 75' lang='lat' dir='ltr'><strong>sauri</strong></span> <span class='ocrx_word' id='word_1_86' title='bbox 707 1887 791 1964; x_wconf 79' lang='grc' dir='ltr'><em>μόνον</em></span> <span class='ocrx_word' id='word_1_87' title='bbox 815 1891 867 1951; x_wconf 82' lang='grc' dir='ltr'><strong>τοῦ</strong></span> <span class='ocrx_word' id='word_1_88' title='bbox 892 1887 991 1961; x_wconf 79' lang='grc' dir='ltr'><em>Ῥήνου</em></span> <span class='ocrx_word' id='word_1_89' title='bbox 1014 1887 1048 1951; x_wconf 77' lang='lat' dir='ltr'><strong>rb</strong></span> <span class='ocrx_word' id='word_1_90' title='bbox 1072 1883 1144 1967; x_wconf 76' lang='grc' dir='ltr'><em>ὕδωρ</em></span> <span class='ocrx_word' id='word_1_91' title='bbox 1165 1883 1284 1963; x_wconf 77' lang='grc' dir='ltr'><em>μετοοξὺ</em></span> <span class='ocrx_word' id='word_1_92' title='bbox 1301 1885 1428 1966; x_wconf 81' lang='grc' dir='ltr'><em>ἔχουσιν.</em></span> 
     </span>
     <span class='ocr_line' id='line_1_13' title="bbox 311 1998 1432 2085; baseline 0 -21"><span class='ocrx_word' id='word_1_93' title='bbox 311 1998 382 2076; x_wconf 83' lang='lat' dir='ltr'><strong>Quo</strong></span> <span class='ocrx_word' id='word_1_94' title='bbox 415 2001 499 2065; x_wconf 89' lang='lat' dir='ltr'><strong>facto</strong></span> <span class='ocrx_word' id='word_1_95' title='bbox 530 2001 648 2066; x_wconf 89' lang='lat' dir='ltr'><strong>bellum</strong></span> <span class='ocrx_word' id='word_1_96' title='bbox 675 2010 765 2085; x_wconf 92' lang='lat' dir='ltr'><strong>parat</strong></span> <span class='ocrx_word' id='word_1_97' title='bbox 788 2001 952 2066; x_wconf 80' lang='lat' dir='ltr'><strong>dedecoris</strong></span> <span class='ocrx_word' id='word_1_98' title='bbox 977 2002 1153 2065; x_wconf 89' lang='lat' dir='ltr'><strong>ulciscendi</strong></span> <span class='ocrx_word' id='word_1_99' title='bbox 1176 2001 1292 2085; x_wconf 89' lang='lat' dir='ltr'><strong>cupida</strong></span> <span class='ocrx_word' id='word_1_100' title='bbox 1316 2021 1432 2085; x_wconf 89' lang='lat' dir='ltr'><strong>sponsa</strong></span> 
     </span>
     <span class='ocr_line' id='line_1_14' title="bbox 310 2112 1431 2201; baseline 0.001 -24"><span class='ocrx_word' id='word_1_101' title='bbox 310 2115 424 2199; x_wconf 81' lang='lat' dir='ltr'><strong>Angla.</strong></span> <span class='ocrx_word' id='word_1_102' title='bbox 448 2115 485 2177; x_wconf 95' lang='lat' dir='ltr'><strong>In</strong></span> <span class='ocrx_word' id='word_1_103' title='bbox 511 2118 726 2180; x_wconf 88' lang='lat' dir='ltr'><strong>continentem</strong></span> <span class='ocrx_word' id='word_1_104' title='bbox 751 2121 920 2201; x_wconf 89' lang='lat' dir='ltr'><strong>postquam</strong></span> <span class='ocrx_word' id='word_1_105' title='bbox 946 2116 1077 2199; x_wconf 81' lang='lat' dir='ltr'><strong>appulit,</strong></span> <span class='ocrx_word' id='word_1_106' title='bbox 1097 2114 1169 2195; x_wconf 74' lang='grc' dir='ltr'><em>περ’</em></span> <span class='ocrx_word' id='word_1_107' title='bbox 1188 2112 1431 2192; x_wconf 71' lang='grc' dir='ltr'><em>οὐτὴνμοὶονοτο</em></span> 
     </span>
     <span class='ocr_line' id='line_1_15' title="bbox 310 2227 1429 2306; baseline -0.001 -14"><span class='ocrx_word' id='word_1_108' title='bbox 310 2228 364 2302; x_wconf 67' lang='grc' dir='ltr'><strong>τὴν</strong></span> <span class='ocrx_word' id='word_1_109' title='bbox 405 2229 536 2306; x_wconf 70' lang='grc' dir='ltr'><em>ἐκβολὴν</em></span> <span class='ocrx_word' id='word_1_110' title='bbox 572 2232 711 2305; x_wconf 79' lang='grc' dir='ltr'><em>ποτομοῡ</em></span> <span class='ocrx_word' id='word_1_111' title='bbox 748 2227 845 2300; x_wconf 75' lang='grc' dir='ltr'><em>Ῥήνου</em></span> <span class='ocrx_word' id='word_1_112' title='bbox 882 2230 1001 2293; x_wconf 90' lang='lat' dir='ltr'><strong>vallum</strong></span> <span class='ocrx_word' id='word_1_113' title='bbox 1036 2230 1213 2292; x_wconf 83' lang='lat' dir='ltr'><strong>communit</strong></span> <span class='ocrx_word' id='word_1_114' title='bbox 1249 2227 1429 2291; x_wconf 86' lang='lat' dir='ltr'><strong>Varnorum</strong></span> 
     </span>
     <span class='ocr_line' id='line_1_16' title="bbox 310 2340 1430 2422; baseline -0.003 -16"><span class='ocrx_word' id='word_1_115' title='bbox 310 2345 423 2408; x_wconf 86' lang='lat' dir='ltr'><strong>castris</strong></span> <span class='ocrx_word' id='word_1_116' title='bbox 459 2346 584 2408; x_wconf 85' lang='lat' dir='ltr'><strong>metatis</strong></span> <span class='ocrx_word' id='word_1_117' title='bbox 618 2349 674 2415; x_wconf 73' lang='grc' dir='ltr'><strong>τῆς</strong></span> <span class='ocrx_word' id='word_1_118' title='bbox 708 2367 742 2406; x_wconf 78' lang='grc' dir='ltr'><strong>τε</strong></span> <span class='ocrx_word' id='word_1_119' title='bbox 774 2343 899 2406; x_wconf 81' lang='grc' dir='ltr'><em>ὠκεοονοῦ</em></span> <span class='ocrx_word' id='word_1_120' title='bbox 930 2344 1008 2422; x_wconf 64' lang='grc' dir='ltr'><em>ᾐόνος</em></span> <span class='ocrx_word' id='word_1_121' title='bbox 1038 2340 1091 2404; x_wconf 72' lang='lat' dir='ltr'><strong>aad</strong></span> <span class='ocrx_word' id='word_1_122' title='bbox 1125 2341 1223 2414; x_wconf 77' lang='grc' dir='ltr'><em>Ῥήνου</em></span> <span class='ocrx_word' id='word_1_123' title='bbox 1247 2340 1377 2419; x_wconf 76' lang='grc' dir='ltr'><em>ἐκβολῆς</em></span> <span class='ocrx_word' id='word_1_124' title='bbox 1398 2342 1430 2404; x_wconf 80' lang='grc' dir='ltr'><strong>οὐ</strong></span> 
     </span>
     <span class='ocr_line' id='line_1_17' title="bbox 311 2453 1428 2540; baseline 0.003 -22"><span class='ocrx_word' id='word_1_125' title='bbox 311 2456 416 2536; x_wconf 73' lang='grc' dir='ltr'><em>πολλῷ</em></span> <span class='ocrx_word' id='word_1_126' title='bbox 447 2453 569 2531; x_wconf 61' lang='lat' dir='ltr'><strong>abactam</strong></span> <span class='ocrx_word' id='word_1_127' title='bbox 596 2477 671 2520; x_wconf 83' lang='lat' dir='ltr'><strong>mox</strong></span> <span class='ocrx_word' id='word_1_128' title='bbox 696 2456 736 2519; x_wconf 91' lang='lat' dir='ltr'><strong>ab</strong></span> <span class='ocrx_word' id='word_1_129' title='bbox 760 2457 876 2540; x_wconf 81' lang='lat' dir='ltr'><strong>Anglis</strong></span> <span class='ocrx_word' id='word_1_130' title='bbox 899 2457 1076 2520; x_wconf 87' lang='lat' dir='ltr'><strong>victoribus</strong></span> <span class='ocrx_word' id='word_1_131' title='bbox 1100 2459 1225 2540; x_wconf 88' lang='lat' dir='ltr'><strong>capitur</strong></span> <span class='ocrx_word' id='word_1_132' title='bbox 1248 2456 1428 2520; x_wconf 79' lang='lat' dir='ltr'><strong>Varnorum</strong></span> 
     </span>
     <span class='ocr_line' id='line_1_18' title="bbox 309 2571 1295 2654; baseline 0.001 -21"><span class='ocrx_word' id='word_1_133' title='bbox 309 2589 368 2634; x_wconf 88' lang='lat' dir='ltr'><strong>rex</strong></span> <span class='ocrx_word' id='word_1_134' title='bbox 390 2577 500 2653; x_wconf 90' lang='lat' dir='ltr'><strong>postea</strong></span> <span class='ocrx_word' id='word_1_135' title='bbox 523 2572 642 2654; x_wconf 87' lang='lat' dir='ltr'><strong>regiam</strong></span> <span class='ocrx_word' id='word_1_136' title='bbox 668 2571 808 2634; x_wconf 89' lang='lat' dir='ltr'><strong>hostium</strong></span> <span class='ocrx_word' id='word_1_137' title='bbox 833 2571 947 2634; x_wconf 88' lang='lat' dir='ltr'><strong>ducem</strong></span> <span class='ocrx_word' id='word_1_138' title='bbox 974 2590 1106 2634; x_wconf 85' lang='lat' dir='ltr'><strong>uxorem</strong></span> <span class='ocrx_word' id='word_1_139' title='bbox 1131 2571 1295 2634; x_wconf 88' lang='lat' dir='ltr'><strong>ducturus.</strong></span> 
     </span>
    </p>

    <p class='ocr_par' dir='ltr' id='par_1_4' title="bbox 308 2684 1433 4134">
     <span class='ocr_line' id='line_1_19' title="bbox 354 2684 1430 2769; baseline 0 -23"><span class='ocrx_word' id='word_1_140' title='bbox 354 2684 392 2746; x_wconf 95' lang='lat' dir='ltr'><strong>In</strong></span> <span class='ocrx_word' id='word_1_141' title='bbox 416 2684 594 2762; x_wconf 79' lang='lat' dir='ltr'><strong>Britannia,</strong></span> <span class='ocrx_word' id='word_1_142' title='bbox 620 2689 656 2748; x_wconf 94' lang='lat' dir='ltr'><strong>ut</strong></span> <span class='ocrx_word' id='word_1_143' title='bbox 680 2684 830 2766; x_wconf 85' lang='lat' dir='ltr'><strong>vidimus,</strong></span> <span class='ocrx_word' id='word_1_144' title='bbox 853 2684 998 2749; x_wconf 83' lang='lat' dir='ltr'><strong>Saxones</strong></span> <span class='ocrx_word' id='word_1_145' title='bbox 1022 2684 1198 2769; x_wconf 84' lang='lat' dir='ltr'><strong>Procopius</strong></span> <span class='ocrx_word' id='word_1_146' title='bbox 1223 2686 1430 2748; x_wconf 92' lang='lat' dir='ltr'><strong>omninonon</strong></span> 
     </span>
     <span class='ocr_line' id='line_1_20' title="bbox 310 2797 1430 2882; baseline 0.001 -22"><span class='ocrx_word' id='word_1_147' title='bbox 310 2801 463 2880; x_wconf 73' lang='lat' dir='ltr'><strong>nominat,</strong></span> <span class='ocrx_word' id='word_1_148' title='bbox 493 2802 619 2882; x_wconf 87' lang='lat' dir='ltr'><strong>praeter</strong></span> <span class='ocrx_word' id='word_1_149' title='bbox 652 2798 777 2882; x_wconf 83' lang='lat' dir='ltr'><strong>Anglos</strong></span> <span class='ocrx_word' id='word_1_150' title='bbox 812 2805 842 2862; x_wconf 92' lang='lat' dir='ltr'><strong>et</strong></span> <span class='ocrx_word' id='word_1_151' title='bbox 872 2798 1022 2864; x_wconf 91' lang='lat' dir='ltr'><strong>Britones</strong></span> <span class='ocrx_word' id='word_1_152' title='bbox 1046 2805 1153 2862; x_wconf 91' lang='lat' dir='ltr'><strong>autem</strong></span> <span class='ocrx_word' id='word_1_153' title='bbox 1177 2797 1271 2862; x_wconf 78' lang='lat' dir='ltr'><strong>Frisii</strong></span> <span class='ocrx_word' id='word_1_154' title='bbox 1294 2817 1430 2862; x_wconf 88' lang='lat' dir='ltr'><strong>comme·</strong></span> 
     </span>
     <span class='ocr_line' id='line_1_21' title="bbox 311 2910 1429 2996; baseline -0.001 -22"><span class='ocrx_word' id='word_1_155' title='bbox 311 2918 485 2995; x_wconf 84' lang='lat' dir='ltr'><strong>morantur,</strong></span> <span class='ocrx_word' id='word_1_156' title='bbox 517 2913 556 2976; x_wconf 92' lang='lat' dir='ltr'><strong>de</strong></span> <span class='ocrx_word' id='word_1_157' title='bbox 587 2911 706 2996; x_wconf 92' lang='lat' dir='ltr'><strong>quibus</strong></span> <span class='ocrx_word' id='word_1_158' title='bbox 737 2912 812 2977; x_wconf 90' lang='lat' dir='ltr'><strong>alibi</strong></span> <span class='ocrx_word' id='word_1_159' title='bbox 837 2914 968 2976; x_wconf 93' lang='lat' dir='ltr'><strong>omnino</strong></span> <span class='ocrx_word' id='word_1_160' title='bbox 992 2912 1082 2976; x_wconf 90' lang='lat' dir='ltr'><strong>nulia</strong></span> <span class='ocrx_word' id='word_1_161' title='bbox 1103 2913 1222 2976; x_wconf 90' lang='lat' dir='ltr'><strong>mentio</strong></span> <span class='ocrx_word' id='word_1_162' title='bbox 1245 2911 1288 2975; x_wconf 88' lang='lat' dir='ltr'><strong>fit.</strong></span> <span class='ocrx_word' id='word_1_163' title='bbox 1313 2910 1429 2974; x_wconf 90' lang='lat' dir='ltr'><strong>Frisio-</strong></span> 
     </span>
     <span class='ocr_line' id='line_1_22' title="bbox 309 3026 1432 3111; baseline -0.001 -23"><span class='ocrx_word' id='word_1_164' title='bbox 309 3045 381 3089; x_wconf 90' lang='lat' dir='ltr'><strong>rum</strong></span> <span class='ocrx_word' id='word_1_165' title='bbox 406 3029 540 3111; x_wconf 83' lang='lat' dir='ltr'><strong>vestigia</strong></span> <span class='ocrx_word' id='word_1_166' title='bbox 563 3029 596 3090; x_wconf 92' lang='lat' dir='ltr'><strong>in</strong></span> <span class='ocrx_word' id='word_1_167' title='bbox 621 3028 691 3111; x_wconf 89' lang='lat' dir='ltr'><strong>ipsa</strong></span> <span class='ocrx_word' id='word_1_168' title='bbox 712 3027 842 3110; x_wconf 91' lang='lat' dir='ltr'><strong>quidem</strong></span> <span class='ocrx_word' id='word_1_169' title='bbox 863 3026 1030 3091; x_wconf 90' lang='lat' dir='ltr'><strong>Britannia</strong></span> <span class='ocrx_word' id='word_1_170' title='bbox 1041 3046 1105 3089; x_wconf 92' lang='lat' dir='ltr'><strong>non</strong></span> <span class='ocrx_word' id='word_1_171' title='bbox 1120 3031 1312 3109; x_wconf 88' lang='lat' dir='ltr'><strong>comparent,</strong></span> <span class='ocrx_word' id='word_1_172' title='bbox 1324 3027 1432 3108; x_wconf 90' lang='lat' dir='ltr'><strong>itaque</strong></span> 
     </span>
     <span class='ocr_line' id='line_1_23' title="bbox 311 3139 1430 3224; baseline -0.002 -22"><span class='ocrx_word' id='word_1_173' title='bbox 311 3159 448 3224; x_wconf 84' lang='lat' dir='ltr'><strong>magnus</strong></span> <span class='ocrx_word' id='word_1_174' title='bbox 473 3160 584 3206; x_wconf 89' lang='lat' dir='ltr'><strong>eorum</strong></span> <span class='ocrx_word' id='word_1_175' title='bbox 608 3160 762 3206; x_wconf 91' lang='lat' dir='ltr'><strong>numerus</strong></span> <span class='ocrx_word' id='word_1_176' title='bbox 787 3142 900 3224; x_wconf 90' lang='lat' dir='ltr'><strong>utique</strong></span> <span class='ocrx_word' id='word_1_177' title='bbox 923 3160 988 3204; x_wconf 93' lang='lat' dir='ltr'><strong>non</strong></span> <span class='ocrx_word' id='word_1_178' title='bbox 1013 3142 1046 3203; x_wconf 93' lang='lat' dir='ltr'><strong>in</strong></span> <span class='ocrx_word' id='word_1_179' title='bbox 1066 3140 1204 3202; x_wconf 92' lang='lat' dir='ltr'><strong>insulam</strong></span> <span class='ocrx_word' id='word_1_180' title='bbox 1227 3139 1331 3218; x_wconf 86' lang='lat' dir='ltr'><strong>venit3</strong></span> <span class='ocrx_word' id='word_1_181' title='bbox 1352 3157 1430 3200; x_wconf 91' lang='lat' dir='ltr'><strong>non-</strong></span> 
     </span>
     <span class='ocr_line' id='line_1_24' title="bbox 309 3252 1432 3338; baseline -0.002 -22"><span class='ocrx_word' id='word_1_182' title='bbox 309 3254 416 3318; x_wconf 92' lang='lat' dir='ltr'><strong>nullos</strong></span> <span class='ocrx_word' id='word_1_183' title='bbox 453 3273 527 3318; x_wconf 89' lang='lat' dir='ltr'><strong>vero</strong></span> <span class='ocrx_word' id='word_1_184' title='bbox 563 3256 741 3319; x_wconf 85' lang='lat' dir='ltr'><strong>invasionis</strong></span> <span class='ocrx_word' id='word_1_185' title='bbox 777 3256 946 3338; x_wconf 86' lang='lat' dir='ltr'><strong>participes</strong></span> <span class='ocrx_word' id='word_1_186' title='bbox 976 3253 1078 3317; x_wconf 90' lang='lat' dir='ltr'><strong>fuisse</strong></span> <span class='ocrx_word' id='word_1_187' title='bbox 1101 3258 1132 3316; x_wconf 89' lang='lat' dir='ltr'><strong>et</strong></span> <span class='ocrx_word' id='word_1_188' title='bbox 1155 3258 1283 3335; x_wconf 91' lang='lat' dir='ltr'><strong>propter</strong></span> <span class='ocrx_word' id='word_1_189' title='bbox 1306 3252 1432 3315; x_wconf 92' lang='lat' dir='ltr'><strong>insulae</strong></span> 
     </span>
     <span class='ocr_line' id='line_1_25' title="bbox 310 3365 1431 3452; baseline -0.001 -23"><span class='ocrx_word' id='word_1_190' title='bbox 310 3369 579 3451; x_wconf 84' lang='lat' dir='ltr'><strong>propinquitatem</strong></span> <span class='ocrx_word' id='word_1_191' title='bbox 617 3368 779 3451; x_wconf 89' lang='lat' dir='ltr'><strong>probabile</strong></span> <span class='ocrx_word' id='word_1_192' title='bbox 814 3377 863 3432; x_wconf 89' lang='lat' dir='ltr'><strong>est</strong></span> <span class='ocrx_word' id='word_1_193' title='bbox 892 3375 923 3431; x_wconf 91' lang='lat' dir='ltr'><strong>et</strong></span> <span class='ocrx_word' id='word_1_194' title='bbox 959 3370 1035 3452; x_wconf 89' lang='lat' dir='ltr'><strong>quia</strong></span> <span class='ocrx_word' id='word_1_195' title='bbox 1067 3371 1131 3430; x_wconf 89' lang='lat' dir='ltr'><strong>tam</strong></span> <span class='ocrx_word' id='word_1_196' title='bbox 1163 3385 1260 3449; x_wconf 89' lang='lat' dir='ltr'><strong>prope</strong></span> <span class='ocrx_word' id='word_1_197' title='bbox 1290 3365 1330 3428; x_wconf 93' lang='lat' dir='ltr'><strong>ab</strong></span> <span class='ocrx_word' id='word_1_198' title='bbox 1352 3365 1431 3448; x_wconf 90' lang='lat' dir='ltr'><strong>ipsis</strong></span> 
     </span>
     <span class='ocr_line' id='line_1_26' title="bbox 310 3479 1430 3564; baseline -0.002 -22"><span class='ocrx_word' id='word_1_199' title='bbox 310 3482 556 3564; x_wconf 86' lang='lat' dir='ltr'><strong>occupatoribus</strong></span> <span class='ocrx_word' id='word_1_200' title='bbox 590 3485 624 3544; x_wconf 92' lang='lat' dir='ltr'><strong>in</strong></span> <span class='ocrx_word' id='word_1_201' title='bbox 660 3483 838 3546; x_wconf 89' lang='lat' dir='ltr'><strong>continenti</strong></span> <span class='ocrx_word' id='word_1_202' title='bbox 873 3481 1011 3545; x_wconf 91' lang='lat' dir='ltr'><strong>aberant.</strong></span> <span class='ocrx_word' id='word_1_203' title='bbox 1047 3479 1135 3543; x_wconf 88' lang='lat' dir='ltr'><strong>Nihil</strong></span> <span class='ocrx_word' id='word_1_204' title='bbox 1169 3479 1283 3559; x_wconf 83' lang='lat' dir='ltr'><strong>obstat,</strong></span> <span class='ocrx_word' id='word_1_205' title='bbox 1308 3480 1430 3562; x_wconf 92' lang='lat' dir='ltr'><strong>quomi-</strong></span> 
     </span>
     <span class='ocr_line' id='line_1_27' title="bbox 311 3595 1432 3680; baseline -0.002 -23"><span class='ocrx_word' id='word_1_206' title='bbox 311 3615 372 3659; x_wconf 88' lang='lat' dir='ltr'><strong>nus</strong></span> <span class='ocrx_word' id='word_1_207' title='bbox 409 3615 482 3660; x_wconf 88' lang='lat' dir='ltr'><strong>vere</strong></span> <span class='ocrx_word' id='word_1_208' title='bbox 517 3596 709 3680; x_wconf 91' lang='lat' dir='ltr'><strong>Procopium</strong></span> <span class='ocrx_word' id='word_1_209' title='bbox 745 3595 866 3660; x_wconf 78' lang='lat' dir='ltr'><strong>Frisios</strong></span> <span class='ocrx_word' id='word_1_210' title='bbox 901 3598 985 3660; x_wconf 91' lang='lat' dir='ltr'><strong>inter</strong></span> <span class='ocrx_word' id='word_1_211' title='bbox 1015 3595 1202 3658; x_wconf 89' lang='lat' dir='ltr'><strong>Britanniae</strong></span> <span class='ocrx_word' id='word_1_212' title='bbox 1226 3598 1432 3676; x_wconf 89' lang='lat' dir='ltr'><strong>occupatores</strong></span> 
     </span>
     <span class='ocr_line' id='line_1_28' title="bbox 308 3703 1432 3793; baseline -0.002 -23"><span class='ocrx_word' id='word_1_213' title='bbox 308 3710 493 3772; x_wconf 89' lang='lat' dir='ltr'><strong>nominasse</strong></span> <span class='ocrx_word' id='word_1_214' title='bbox 530 3716 689 3792; x_wconf 88' lang='lat' dir='ltr'><strong>putemus,</strong></span> <span class='ocrx_word' id='word_1_215' title='bbox 720 3709 807 3792; x_wconf 94' lang='lat' dir='ltr'><strong>quod</strong></span> <span class='ocrx_word' id='word_1_216' title='bbox 839 3709 973 3793; x_wconf 91' lang='lat' dir='ltr'><strong>probare</strong></span> <span class='ocrx_word' id='word_1_217' title='bbox 996 3714 1101 3771; x_wconf 89' lang='lat' dir='ltr'><strong>tamen</strong></span> <span class='ocrx_word' id='word_1_218' title='bbox 1127 3727 1189 3770; x_wconf 92' lang='lat' dir='ltr'><strong>non</strong></span> <span class='ocrx_word' id='word_1_219' title='bbox 1214 3725 1387 3790; x_wconf 90' lang='lat' dir='ltr'><strong>possumus</strong></span> <span class='ocrx_word' id='word_1_220' title='bbox 1400 3703 1432 3782; x_wconf 81' lang='lat'><strong>¹).</strong></span> 
     </span>
     <span class='ocr_line' id='line_1_29' title="bbox 308 3819 1433 3905; baseline -0.001 -22"><span class='ocrx_word' id='word_1_221' title='bbox 308 3819 424 3904; x_wconf 91' lang='lat' dir='ltr'><strong>Neque</strong></span> <span class='ocrx_word' id='word_1_222' title='bbox 458 3841 516 3886; x_wconf 90' lang='lat' dir='ltr'><strong>cur</strong></span> <span class='ocrx_word' id='word_1_223' title='bbox 551 3824 694 3887; x_wconf 90' lang='lat' dir='ltr'><strong>omiserit</strong></span> <span class='ocrx_word' id='word_1_224' title='bbox 725 3823 871 3887; x_wconf 84' lang='lat' dir='ltr'><strong>Saxones</strong></span> <span class='ocrx_word' id='word_1_225' title='bbox 895 3823 1123 3905; x_wconf 78' lang='lat' dir='ltr'><strong>intelligimus3</strong></span> <span class='ocrx_word' id='word_1_226' title='bbox 1147 3821 1282 3885; x_wconf 88' lang='lat' dir='ltr'><strong>fortasse</strong></span> <span class='ocrx_word' id='word_1_227' title='bbox 1304 3821 1433 3900; x_wconf 81' lang='lat' dir='ltr'><strong>idcirco,</strong></span> 
     </span>
     <span class='ocr_line' id='line_1_30' title="bbox 310 3934 1433 4019; baseline 0 -23"><span class='ocrx_word' id='word_1_228' title='bbox 310 3936 387 4016; x_wconf 92' lang='lat' dir='ltr'><strong>quia</strong></span> <span class='ocrx_word' id='word_1_229' title='bbox 422 3954 496 3999; x_wconf 91' lang='lat' dir='ltr'><strong>cum</strong></span> <span class='ocrx_word' id='word_1_230' title='bbox 532 3937 648 4019; x_wconf 85' lang='lat' dir='ltr'><strong>Anglis</strong></span> <span class='ocrx_word' id='word_1_231' title='bbox 683 3938 906 4001; x_wconf 87' lang='lat' dir='ltr'><strong>tantummodo</strong></span> <span class='ocrx_word' id='word_1_232' title='bbox 942 3956 992 4001; x_wconf 91' lang='lat' dir='ltr'><strong>res</strong></span> <span class='ocrx_word' id='word_1_233' title='bbox 1026 3941 1093 3999; x_wconf 89' lang='lat' dir='ltr'><strong>erat</strong></span> <span class='ocrx_word' id='word_1_234' title='bbox 1127 3935 1258 3998; x_wconf 89' lang='lat' dir='ltr'><strong>Varinis</strong></span> <span class='ocrx_word' id='word_1_235' title='bbox 1289 3934 1362 4016; x_wconf 89' lang='lat' dir='ltr'><strong>illis,</strong></span> <span class='ocrx_word' id='word_1_236' title='bbox 1395 3935 1433 3997; x_wconf 92' lang='lat' dir='ltr'><strong>de</strong></span> 
     </span>
     <span class='ocr_line' id='line_1_31' title="bbox 311 4046 1433 4134; baseline 0.001 -24"><span class='ocrx_word' id='word_1_237' title='bbox 311 4046 430 4129; x_wconf 91' lang='lat' dir='ltr'><strong>quibus</strong></span> <span class='ocrx_word' id='word_1_238' title='bbox 464 4051 547 4133; x_wconf 77' lang='lat' dir='ltr'><strong>agit3</strong></span> <span class='ocrx_word' id='word_1_239' title='bbox 583 4049 655 4113; x_wconf 88' lang='lat' dir='ltr'><strong>fons</strong></span> <span class='ocrx_word' id='word_1_240' title='bbox 690 4052 770 4132; x_wconf 82' lang='lat' dir='ltr'><strong>ejus,</strong></span> <span class='ocrx_word' id='word_1_241' title='bbox 804 4053 874 4114; x_wconf 88' lang='lat' dir='ltr'><strong>sive</strong></span> <span class='ocrx_word' id='word_1_242' title='bbox 904 4051 1022 4134; x_wconf 88' lang='lat' dir='ltr'><strong>scripto</strong></span> <span class='ocrx_word' id='word_1_243' title='bbox 1057 4050 1167 4132; x_wconf 90' lang='lat' dir='ltr'><strong>aliquo</strong></span> <span class='ocrx_word' id='word_1_244' title='bbox 1191 4050 1270 4113; x_wconf 85' lang='lat' dir='ltr'><strong>usus</strong></span> <span class='ocrx_word' id='word_1_245' title='bbox 1294 4053 1342 4112; x_wconf 91' lang='lat' dir='ltr'><strong>est</strong></span> <span class='ocrx_word' id='word_1_246' title='bbox 1366 4049 1433 4111; x_wconf 85' lang='lat' dir='ltr'><strong>sive</strong></span> 
     </span>
    </p>
   </div>
   <div class='ocr_carea' id='block_1_4' title="bbox 312 4229 455 4238">
    <p class='ocr_par' dir='ltr' id='par_1_5' title="bbox 312 4229 455 4238">
     <span class='ocr_line' id='line_1_32' title="bbox 312 4229 455 4238; baseline 0.014 -2"><span class='ocrx_word' id='word_1_247' title='bbox 312 4229 455 4238; x_wconf 76' lang='lat'><strong>——-</strong></span> 
     </span>
    </p>
   </div>
   <div class='ocr_carea' id='block_1_5' title="bbox 308 4344 1432 4592">
    <p class='ocr_par' dir='ltr' id='par_1_6' title="bbox 308 4344 1432 4592">
     <span class='ocr_line' id='line_1_33' title="bbox 341 4344 1429 4410; baseline -0.001 -15"><span class='ocrx_word' id='word_1_248' title='bbox 341 4346 368 4410; x_wconf 82' lang='lat'><strong>1)</strong></span> <span class='ocrx_word' id='word_1_249' title='bbox 386 4345 486 4396; x_wconf 87' lang='lat' dir='ltr'><strong>Chauci</strong></span> <span class='ocrx_word' id='word_1_250' title='bbox 504 4351 567 4396; x_wconf 88' lang='lat' dir='ltr'><strong>sunt</strong></span> <span class='ocrx_word' id='word_1_251' title='bbox 586 4347 664 4396; x_wconf 89' lang='lat' dir='ltr'><strong>Frisii</strong></span> <span class='ocrx_word' id='word_1_252' title='bbox 684 4347 722 4396; x_wconf 86' lang='lat' dir='ltr'><strong>illi</strong></span> <span class='ocrx_word' id='word_1_253' title='bbox 741 4352 850 4397; x_wconf 87' lang='lat' dir='ltr'><strong>auctore</strong></span> <span class='ocrx_word' id='word_1_254' title='bbox 869 4347 997 4396; x_wconf 74' lang='lat' dir='ltr'><strong>Montano</strong></span> <span class='ocrx_word' id='word_1_255' title='bbox 1015 4345 1063 4410; x_wconf 86' lang='grc'>(1.1,</span> <span class='ocrx_word' id='word_1_256' title='bbox 1082 4361 1107 4409; x_wconf 90' lang='lat' dir='ltr'><strong>p.</strong></span> <span class='ocrx_word' id='word_1_257' title='bbox 1126 4344 1187 4409; x_wconf 81' lang='grc'>160)</span> <span class='ocrx_word' id='word_1_258' title='bbox 1194 4362 1200 4409; x_wconf 90' lang='grc'><strong>;</strong></span> <span class='ocrx_word' id='word_1_259' title='bbox 1216 4346 1291 4396; x_wconf 89' lang='lat' dir='ltr'><strong>Jutas</strong></span> <span class='ocrx_word' id='word_1_260' title='bbox 1301 4346 1329 4395; x_wconf 92' lang='lat' dir='ltr'><strong>in</strong></span> <span class='ocrx_word' id='word_1_261' title='bbox 1338 4344 1429 4394; x_wconf 89' lang='lat' dir='ltr'><strong>Centia</strong></span> 
     </span>
     <span class='ocr_line' id='line_1_34' title="bbox 308 4435 1432 4500; baseline 0.001 -15"><span class='ocrx_word' id='word_1_262' title='bbox 308 4451 322 4485; x_wconf 91' lang='lat' dir='ltr'><strong>a</strong></span> <span class='ocrx_word' id='word_1_263' title='bbox 350 4435 463 4486; x_wconf 88' lang='lat' dir='ltr'><strong>Chaucis</strong></span> <span class='ocrx_word' id='word_1_264' title='bbox 491 4437 619 4486; x_wconf 88' lang='lat' dir='ltr'><strong>Plinianis</strong></span> <span class='ocrx_word' id='word_1_265' title='bbox 637 4437 665 4486; x_wconf 92' lang='lat' dir='ltr'><strong>in</strong></span> <span class='ocrx_word' id='word_1_266' title='bbox 683 4437 771 4487; x_wconf 84' lang='lat' dir='ltr'><strong>Rheni</strong></span> <span class='ocrx_word' id='word_1_267' title='bbox 789 4438 886 4487; x_wconf 88' lang='lat' dir='ltr'><strong>insulis</strong></span> <span class='ocrx_word' id='word_1_268' title='bbox 903 4437 1058 4487; x_wconf 87' lang='lat' dir='ltr'><strong>sedentibus</strong></span> <span class='ocrx_word' id='word_1_269' title='bbox 1075 4437 1202 4486; x_wconf 88' lang='lat' dir='ltr'><strong>oriundos</strong></span> <span class='ocrx_word' id='word_1_270' title='bbox 1222 4441 1297 4500; x_wconf 88' lang='lat' dir='ltr'><strong>putat</strong></span> <span class='ocrx_word' id='word_1_271' title='bbox 1315 4437 1386 4486; x_wconf 91' lang='lat' dir='ltr'><strong>idem</strong></span> <span class='ocrx_word' id='word_1_272' title='bbox 1407 4450 1432 4486; x_wconf 84' lang='grc' dir='ltr'><strong>ν.</strong></span> 
     </span>
     <span class='ocr_line' id='line_1_35' title="bbox 310 4524 1074 4592; baseline 0 -17"><span class='ocrx_word' id='word_1_273' title='bbox 310 4527 335 4576; x_wconf 89' lang='lat' dir='ltr'><strong>d.</strong></span> <span class='ocrx_word' id='word_1_274' title='bbox 354 4529 390 4592; x_wconf 91' lang='lat' dir='ltr'><strong>(p.</strong></span> <span class='ocrx_word' id='word_1_275' title='bbox 408 4524 483 4590; x_wconf 78' lang='lat'>159);</span> <span class='ocrx_word' id='word_1_276' title='bbox 502 4542 583 4590; x_wconf 90' lang='lat' dir='ltr'><strong>quem</strong></span> <span class='ocrx_word' id='word_1_277' title='bbox 602 4529 703 4577; x_wconf 78' lang='lat' dir='ltr'><strong>refutat</strong></span> <span class='ocrx_word' id='word_1_278' title='bbox 719 4540 770 4577; x_wconf 78' lang='lat' dir='ltr'><strong>ren</strong></span> <span class='ocrx_word' id='word_1_279' title='bbox 791 4529 878 4578; x_wconf 76' lang='lat' dir='ltr'><strong>Barrus</strong></span> <span class='ocrx_word' id='word_1_280' title='bbox 897 4529 943 4592; x_wconf 84' lang='grc'>(1.1,</span> <span class='ocrx_word' id='word_1_281' title='bbox 962 4544 987 4592; x_wconf 90' lang='lat' dir='ltr'><strong>p.</strong></span> <span class='ocrx_word' id='word_1_282' title='bbox 1005 4525 1074 4584; x_wconf 71' lang='lat' dir='ltr'><strong>nott.</strong></span> 
     </span>
    </p>
   </div>
   <div class='ocr_carea' id='block_1_6' title="bbox 0 0 1627 5296">
    <p class='ocr_par' dir='ltr' id='par_1_7' title="bbox 0 0 1627 5296">
     <span class='ocr_line' id='line_1_36' title="bbox 0 0 1627 5296; baseline 0 0"><span class='ocrx_word' id='word_1_283' title='bbox 0 0 1627 5296; x_wconf 95' lang='lat' dir='ltr'><strong> </strong></span> 
     </span>
    </p>
   </div>
  </div>
 </body>
</html>
