3240 5304
726 513 766 578 21

182 718 257 763 cum
284 700 479 784 Ampsivarii
505 699 689 782 „Bructeris
712 701 939 786 Tencterisque
964 701 1060 766 sociis
1080 699 1162 766 bello
1183 699 1303 765 voeatis

181 815 239 879 sed
263 814 492 880 absistentibus
511 816 662 902 idemque
673 816 865 882 facientibus
878 815 1084 882 ulterioribus
1097 813 1304 880 nationibus''

181 934 227 1007 (et
246 948 288 993 ex
307 948 353 1011 eo,
366 929 451 1013 quod
465 930 612 994 Bructeri
624 931 836 1014 Tencterique
847 928 887 994 ub
902 929 1107 994 ulterioribus
1119 929 1304 994 nationibus

181 1043 436 1126 distinguuntur,
459 1046 493 1107 in
517 1046 723 1128 proximitate
744 1044 1023 1128 Ampsivariorum
1048 1048 1125 1108 tune
1151 1046 1304 1127 temporis

182 1155 343 1220 habitasse
366 1176 421 1221 eos
444 1160 604 1241 sequitur)
627 1177 684 1242 per
710 1157 827 1242 Usipos
851 1163 883 1222 et
900 1157 1062 1222 Tubantes
1083 1155 1213 1222 Chattos
1226 1156 1304 1223 Obe-

181 1290 359 1355 ruscosque
383 1277 512 1355 petunt:
539 1292 557 1336 a
580 1273 681 1357 patria
704 1277 814 1338 nostra
829 1273 895 1355 jam
916 1272 1010 1356 longe
1023 1271 1154 1337 aberant
1168 1274 1305 1357 utrique.

184 1383 330 1460 Quocum
355 1388 513 1469 congruit,
538 1387 624 1470 quod
647 1387 740 1470 Usipi
753 1406 838 1451 anno
852 1387 894 1450 69
907 1407 980 1451 cum
995 1386 1118 1452 Chattis
1130 1385 1304 1453 Mattiacis-

184 1517 248 1580 que
281 1499 363 1562 inter
394 1497 588 1582 Mogontiaci
619 1498 802 1564 obsessores
826 1495 1108 1580 enumerantur¹);
1131 1501 1165 1564 hi
1184 1519 1305 1584 omnes,

184 1613 302 1697 quippe
326 1614 382 1696 qui
408 1615 509 1696 magis
523 1614 762 1679 meridionalem
776 1621 913 1680 tractum
927 1615 1115 1698 habitarent,
1127 1617 1160 1679 in
1174 1616 1304 1681 Germa·

183 1731 237 1792 nia
249 1731 412 1812 superiore
424 1729 621 1813 pugnabunt,
633 1750 706 1795 cum
722 1729 869 1796 Bructeri
880 1729 1101 1815 Tencterique,
1114 1750 1196 1815 quos
1208 1733 1302 1796 etiam

184 1863 267 1908 anno
293 1847 334 1908 58
360 1847 464 1929 „agris
483 1845 619 1911 vacuis’'
632 1849 797 1930 proximos
808 1847 910 1912 fuisse
922 1847 1074 1930 vidimus,
1084 1866 1159 1912 cum
1172 1846 1303 1914 Batavis

178 1957 398 2042 junguntur²l
421 1965 453 2024 et
475 1980 602 2044 pugnae
625 1962 710 2045 apud
732 1961 884 2027 Treveros
907 1963 1069 2026 intersunt
1092 1981 1164 2026 cum
1189 1961 1303 2026 iisdem

183 2072 314 2138 Batavis
327 2071 358 2152 ³)·
395 2073 444 2138 De
474 2074 699 2140 Tencterorum
732 2075 864 2140 sedibus
895 2081 1038 2160 tempore
1067 2075 1200 2141 Taorrno
1226 2077 1302 2142 haec

184 2189 350 2253 novimus:
377 2188 413 2252 In
439 2188 519 2252 libro
544 2190 583 2254 de
607 2189 778 2255 Germania
793 2189 816 2268 4)
832 2192 988 2276 „proximi
1002 2189 1145 2256 Chattis”
1158 2191 1305 2274 legimus,

187 2308 329 2384 „certum
349 2306 415 2386 jam
440 2305 530 2369 alveo
554 2303 703 2370 Rhenum
729 2305 825 2390 Usipi
848 2325 884 2369 ac
906 2305 1051 2370 Tencteri
1076 2304 1304 2371 colunt.'’Usi·

184 2438 242 2502 pos
277 2417 463 2482 Chattorum
497 2418 652 2484 finitimos
681 2420 782 2495 fuisse
807 2422 873 2503 jam
900 2421 1057 2498 vidimus;
1081 2420 1304 2486 meridionales

183 2534 283 2616 igitur
315 2532 418 2616 Usipi,
453 2534 717 2617 septentrionales
750 2532 893 2598 Tencteri
927 2532 1129 2614 habitabant;
1163 2540 1194 2597 et
1224 2552 1304 2617 gens

183 2647 297 2710 horum
322 2646 384 2710 alio
408 2644 513 2724 locuit
536 2646 649 2712 Rheno
672 2668 690 2712 a
713 2648 838 2711 colonia
858 2648 1144 2732 Agrippinensium
1168 2647 1304 2712 discreta

183 2761 307 2824 dicitur.
334 2759 455 2842 „Juxta
476 2759 677 2843 Tencteros’',
696 2764 743 2826 sic
762 2761 952 2826 Germaniae
971 2761 1143 2844 descriptio
1156 2762 1259 2844 pergit
1272 2758 1305 2841 ⁶),

185 2875 353 2957 „Bructeri
377 2876 453 2939 olim
476 2875 723 2956 occurrebant'’;
746 2875 918 2941 Bructeros
939 2881 1044 2941 autem
1058 2875 1194 2959 Lupiam
1209 2877 1304 2940 etiam

182 2991 324 3055 tenuisse
359 2994 470 3054 notum
495 2996 543 3055 est
566 2992 649 3069 (vide
673 2994 791 3076 supra),
813 2993 922 3076 itaque
945 2993 1041 3076 paulo
1064 2993 1144 3056 citra
1168 2990 1303 3075 Lupiam

183 3122 220 3168 eo
244 3108 394 3188 tempore,
418 3124 483 3188 quo
504 3104 647 3188 florebat,
669 3107 781 3171 civitas
805 3106 960 3170 Bructero
984 3127 1002 3170 a
1025 3106 1188 3170 Tencteris
1215 3124 1304 3189 sepa·

183 3215 313 3280 robatur
325 3214 358 3296 7).

215 3400 243 3463 l)
260 3400 320 3452 Tac.
338 3402 407 3452 Hist.
426 3402 468 3468 IV,
487 3401 530 3453 37.

216 3491 243 3555 2)
262 3491 326 3542 Ibid.
344 3493 386 3557 lv,
403 3491 444 3543 Bt.

216 3583 244 3649 3)
261 3584 327 3635 lbid.
343 3585 386 3648 IV,
405 3584 446 3636 77.

216 3674 244 3738 4)
262 3675 290 3726 C.
306 3673 348 3726 32.

219 3766 247 3831 5)
263 3767 324 3817 Tac.
341 3767 410 3819 llist.
428 3766 471 3831 IV,
488 3766 528 3818 et.

218 3856 246 3922 6)
263 3858 290 3909 C.
307 3856 349 3909 33.

216 3950 243 4016 7)
261 3951 351 4002 Minus
377 3956 451 4002 recte
468 3951 550 4003 Znuss
567 3951 616 4016 (ll.
634 3965 660 4014 p.
676 3948 721 4016 90)
740 3951 804 4001 anni
821 3948 854 3999 59
872 3951 1009 4001 mentione
1027 3951 1096 4002 lacta
1114 3952 1180 4002 haec
1198 3951 1305 4002 scribit:

183 4057 249 4092 avon
274 4058 330 4093 nun
357 4057 391 4092 an
418 4043 481 4093 aber
506 4042 599 4093 ziehen
626 4043 665 4092 sie
691 4043 844 4093 simmtlich
864 4042 949 4108 (Usipi
967 4042 1090 4094 Tencteri
1111 4043 1258 4108 Tubantes)
1276 4043 1305 4093 in

181 4134 331 4185 sddlichere
349 4134 517 4200 Gegenden''.
535 4134 603 4185 Nam
622 4149 674 4184 non
692 4134 780 4184 solum
795 4133 851 4199 jam
868 4139 931 4184 ante
949 4149 1051 4186 annum
1069 4133 1102 4185 58
1121 4135 1196 4186 sedes
1217 4139 1305 4199 poste.-

182 4225 265 4276 ricres
289 4226 422 4277 habitasse
450 4232 569 4291 pessunt,
595 4231 626 4276 ut
653 4226 776 4289 vidimus
801 4226 844 4277 sed
865 4242 975 4291 prorsus
993 4228 1110 4292 neglexit
1129 4243 1152 4278 v.
1169 4227 1194 4278 d.
1213 4229 1301 4278 locum

179 4333 211 4367 ex
229 4317 353 4368 Historiis
369 4333 449 4382 supra
466 4319 586 4380 allatum,
605 4318 676 4368 unde
686 4323 803 4382 apparet,
813 4318 956 4370 Tencteros
966 4333 1047 4384 prope
1056 4319 1191 4370 Coloniam
1205 4320 1303 4384 Agrip·

180 4409 333 4472 pinensium
350 4415 435 4460 terras
452 4424 514 4461 suas
533 4409 665 4474 habuisse,
682 4409 794 4461 minime
811 4411 894 4476 igitur
912 4412 1033 4462 nationes
1048 4427 1129 4475 supra
1147 4411 1302 4462 nominatas

182 4499 364 4552 asimmtlich”
382 4501 522 4551 meridiem
540 4515 633 4551 versus
651 4501 754 4551 abiisse.
