3244 5296
717 578 780 641 119

186 763 405 827 demonstrare
435 769 571 828 conatus
596 769 644 828 est
656 761 687 844 ¹).
710 764 799 829 Inter
822 766 881 828 hos
907 765 1090 849 Albimque,
1115 767 1229 849 utique
1252 767 1310 850 lgi-

186 883 240 940 tur
260 878 336 939 citra
357 875 475 958 Albim,
496 878 605 961 Angili
630 879 852 960 inveniuntur,
877 884 966 942 trans
990 879 1098 943 Albim
1123 877 1311 944 Semnones.

231 989 319 1053 Inter
342 988 488 1054 canonos
512 991 648 1072 majores
672 994 703 1054 et
728 989 851 1054 Suevos
872 989 1065 1055 Laoeobardi
1078 991 1170 1056 sedes
1184 990 1311 1076 babent,

187 1123 270 1188 quos
304 1123 414 1168 revera
450 1103 678 1189 Langobardos
712 1123 783 1169 esse
814 1105 880 1188 jam
912 1125 954 1170 ex
984 1107 1054 1189 ipso
1084 1108 1214 1170 nomine
1237 1125 1311 1169 eon·

182 1219 299 1299 jieias3¹
336 1217 456 1281 Oauolri
493 1219 630 1301 majores
665 1219 819 1301 quoniam
856 1237 960 1301 usque
995 1219 1035 1282 ed
1066 1218 1177 1282 Albim
1210 1225 1311 1284 terras

188 1319 264 1394 suas
299 1337 417 1412 tenent,
452 1333 546 1396 etiam
583 1331 683 1396 Suevi
718 1332 765 1395 illi
789 1331 937 1396 cisalbini
961 1351 1031 1396 esse
1054 1331 1181 1415 debent,
1205 1353 1311 1398 sna.

189 1445 300 1528 Angili
333 1444 550 1510 Ptolemasani
583 1451 660 1510 sunt
689 1447 722 1527 ii,
755 1445 917 1529 aquibus
941 1447 1173 1529 septentriones
1197 1466 1312 1512 versus

189 1557 332 1621 habitant
355 1557 575 1641 Langobardi;
600 1563 761 1642 postremo
786 1557 894 1640 Saevi,
917 1560 1001 1622 inter
1021 1578 1102 1642 quos
1122 1565 1153 1624 et
1165 1558 1312 1625 Saxones

188 1670 314 1752 Viruni,
349 1672 432 1735 inter
467 1691 548 1754 quos
584 1678 615 1735 et
649 1671 848 1736 Pharodines
878 1673 1004 1755 Auarpi
1028 1672 1204 1756 quaerendi
1227 1680 1312 1754 sunt,

188 1784 270 1848 nulli
306 1785 371 1847 allii
393 1804 462 1849 esse
485 1791 622 1869 possunt
645 1804 681 1848 ao
705 1784 802 1850 Suevi
828 1785 1026 1867 transalbini‚
1050 1787 1069 1849 i.
1083 1804 1108 1872 e.
1131 1787 1310 1850 seeundum

188 1897 407 1962 Ptolemaeum
433 1897 618 1963 Semnones.
642 1897 756 1982 Itaque
779 1917 816 1962 eo
842 1904 973 1963 auctore
991 1918 1042 1964 res
1055 1901 1102 1964 sio
1115 1919 1185 1964 sese
1198 1899 1310 1964 habet:

188 2015 235 2075 eis
259 2011 367 2075 Albim
392 2012 468 2076 inde
491 2032 510 2075 a
534 2014 614 2075 mari
638 2014 852 2076 inveniuntur
875 2011 1007 2094 Oauchi,
1030 2011 1232 2094 Laecobardi,
1246 2013 1311 2076 An-

187 2125 254 2209 gili,
276 2131 365 2190 trans
389 2124 496 2189 Albim
522 2126 578 2190 sed
601 2146 700 2210 parvo
725 2147 743 2189 a
767 2128 846 2189 mari
871 2128 973 2210 spatio
997 2127 1126 2191 discreti
1149 2127 1268 2190 Viruni
1282 2133 1313 2192 et

188 2242 323 2324 Auarpi.

234 2354 442 2419 Conferamus
465 2375 553 2419 nune
576 2354 720 2419 Tacitum
746 2361 778 2419 et
800 2354 1079 2420 Ptolemaeum.1n
1093 2356 1206 2438 primis
1219 2356 1312 2419 mira·

189 2488 263 2532 mur
285 2487 385 2552 paene
408 2469 534 2533 nullum
560 2488 676 2532 nomen
701 2470 844 2551 gentium
869 2467 1126 2533 Nerthioolarum
1140 2469 1226 2552 apud
1238 2468 1312 2533 Pto·

187 2583 347 2646 lernaeum
369 2601 554 2661 oecurrer03
575 2584 603 2646 si
617 2571 729 2646 verum
743 2589 835 2663 esset,
848 2583 935 2666 quod
947 2583 1130 2663 oonjeetura
1142 2584 1313 2646 temeraria

188 2696 354 2760 contendit
376 2695 474 2759 Zanes
487 2692 522 2778 ²),
546 2693 714 2760 Gobandos
738 2696 866 2760 eosdem
891 2715 962 2760 esse
981 2716 1017 2759 ao
1038 2696 1191 2775 Aviones,
1204 2695 1312 2760 obser·

188 2829 264 2872 vare
286 2810 395 2873 liceret
419 2808 587 2873 Gobandos
612 2810 703 2874 sedes
729 2812 872 2874 tenuisse
895 2811 927 2872 in
948 2815 1036 2892 parte
1057 2810 1203 2873 orientali
1217 2806 1312 2874 Cher·

188 2924 304 3005 sonesi,
328 2942 364 2987 eo
377 2924 476 3007 igitur
488 2924 557 2986 loeo
571 2923 627 2986 ubi
639 2922 670 2986 N
672 2924 841 2987 ertbieolas
852 2924 995 2986 Taciteos
1007 2924 1202 3003 invenimus,
1215 2927 1312 3006 atque

189 3038 306 3120 optime
329 3038 376 3100 sio
400 3039 507 3100 omnia
530 3043 761 3120 congruerent3
786 3037 851 3117 sed,
876 3042 911 3099 ut
927 3037 994 3117 jam
1020 3035 1097 3117 dixi,
1117 3035 1207 3099 nullo
1227 3037 1312 3100 serio

188 3156 376 3234 argumento
404 3151 589 3234 hypothesis
615 3150 789 3214 Zeussiana
812 3148 1045 3213 corroboratur.
1071 3147 1188 3212 Contra
1211 3148 1312 3212 multo

189 3265 399 3328 molluscum
424 3263 554 3328 Varinis
580 3243 818 3348 componuntur
843 3267 874 3326 et
898 3261 1016 3325 Viruni
1041 3267 1072 3325 et
1096 3262 1218 3345 Auarpi
1242 3265 1312 3324 tum

187 3380 220 3440 in
246 3379 394 3442 Auarnos
419 3378 581 3456 mutandi3
606 3378 662 3441 sed
687 3379 756 3440 sive
781 3377 813 3438 hi
838 3377 907 3439 sive
925 3375 972 3437 illi
993 3373 1312 3438 soliVariniTaoitei

189 3497 274 3572 sunt,
307 3493 394 3574 regio
430 3497 536 3553 tamen
567 3491 672 3573 gentis
703 3489 792 3552 illius
816 3494 905 3552 trans
929 3488 1038 3551 Albim
1064 3489 1160 3571 paulo
1183 3508 1202 3550 a
1226 3507 1313 3552 mere

189 3607 258 3668 sive
281 3603 403 3668 Baltioo
427 3607 496 3668 sive
521 3603 647 3668 Oceano
673 3606 734 3667 sita
759 3608 823 3682 est;
849 3581 1044 3665 Varinorunt
1072 3602 1163 3666 sedes
1184 3606 1215 3666 et
1226 3602 1312 3684 apud

188 3717 405 3782 Ptolemaeum
431 3725 461 3782 et
485 3719 570 3801 apud
589 3717 733 3781 Tacitum
747 3719 781 3780 in
795 3716 942 3780 Holsatia
955 3715 1217 3800 Meoklenburgia
1229 3714 1312 3780 Sies-

190 3833 272 3894 vicia
296 3831 496 3914 quaerendae
520 3839 604 3895 sunt.
628 3831 846 3895 Laeoobardos
871 3849 948 3894 suos
971 3832 1003 3893 in
1029 3831 1099 3912 ipsa
1119 3829 1312 3913 Bardengau

189 3945 323 4008 collocat
354 3944 566 4026 Ptolemaeus,
591 3947 648 4008 trae
672 3946 706 4008 in
731 3965 765 4010 re
788 3945 908 4008 fontem
933 3944 1148 4027 antiquiorem
1173 3948 1313 4025 secutus,

189 4058 275 4141 quod
311 4059 357 4120 cis
392 4058 499 4120 Albim
538 4078 592 4122 eos
628 4061 726 4140 ponit,
762 4057 990 4140 Langobardos
1021 4058 1181 4121 rhenanus
1214 4057 1313 4119 errori

188 4171 297 4234 deberi
321 4173 403 4235 inter
428 4191 538 4234 omnes
563 4175 695 4235 constat.
720 4170 904 4234 Ptolemaeo
929 4177 1041 4233 notum
1062 4169 1312 4252 fuisseAngilos

189 4341 334 4350 ..——..-

222 4446 234 4495 l
267 4445 301 4496 l.l.
341 4483 346 4494 .
365 4443 421 4493 853.

222 4447 249 4600 2}
268 4537 304 4600 l.l,
322 4460 345 4599 ξ).
364 4535 423 4587 151.
441 4535 594 4586 Mamertini
613 4535 760 4585 Chaibones
778 4547 884 4598 quoque
907 4534 1013 4584 eosdem
1032 4533 1114 4584 luisse
1132 4531 1262 4596 perhibet.
