3240 5304
723 573 765 634 33

178 777 254 818 aare
289 762 319 818 et
343 755 419 818 alibi
436 755 460 829 ¹)
485 753 576 835 πέραν
600 761 652 819 τοῦ
678 756 776 829 Ῥήνου
801 755 944 821 habitare
968 775 1022 822 eos
1046 758 1132 822 dicit.
1156 757 1304 824 Fortasse

176 870 277 951 igitar
299 867 465 932 Strabonis
485 874 627 953 tempore
651 875 683 933 et
706 889 791 933 anno
816 872 858 932 29
883 869 987 936 Rheni
1011 872 1110 954 ripam
1135 871 1302 948 tenebaut;

177 983 234 1045 sed
269 1001 353 1044 auno
388 983 406 1043 9
429 1001 455 1044 a.
477 980 508 1044 C.
530 1001 559 1044 n.
587 980 715 1047 Drusus
740 983 769 1053 ἐς
791 982 845 1054 τὴν
867 987 924 1046 τῶν
949 981 1075 1048 Χάττων
1095 983 1228 1062 ἐσέβαλε
1251 983 1303 1048 aa)

178 1095 326 1174 προσῆλθε
342 1093 436 1174 μέχρι
460 1101 515 1167 τῆς
538 1094 691 1173 Σουηβίας
713 1145 719 1161 .
734 1143 742 1158 .
757 1144 764 1160 .
779 1145 786 1160 .
807 1097 963 1178 advertito
977 1099 1048 1177 πρὸς
1061 1096 1114 1169 τὴν
1128 1097 1303 1178 Χερουσκίοιν

177 1206 368 1288 μετέστηῖ);
403 1210 512 1292 itaque
543 1229 628 1273 anno
653 1211 672 1273 9
695 1211 779 1274 inter
803 1210 934 1276 Chattos
958 1210 1210 1296 Cheruscosque,
1236 1214 1303 1278 he.

177 1341 242 1385 non
265 1322 404 1405 amplias
417 1341 522 1405 usque
535 1324 574 1386 ad
588 1322 737 1388 Rhenum
751 1323 899 1408 flavium,
912 1324 1098 1389 babitabant
1110 1325 1216 1390 Saevi.
1230 1325 1302 1389 Non

176 1436 282 1500 solum
319 1456 494 1518 numquam
528 1437 567 1500 ad
600 1435 746 1501 Rhenum
779 1445 991 1520 reverterant,
1021 1439 1076 1503 sed
1114 1439 1303 1524 paulopost

176 1552 211 1613 in
237 1556 359 1614 tractus
384 1551 555 1614 orientales
580 1551 857 1634 demigraverunt3
883 1571 990 1636 neque
1012 1553 1044 1614 in
1070 1551 1188 1615 Tiberii
1207 1570 1303 1640 erpe-

177 1664 356 1727 ditionibus
390 1683 548 1727 annorum
573 1665 661 1726 4-6
686 1670 1014 1743 commemorantur⁸t
1040 1684 1145 1748 neque
1169 1667 1202 1728 in
1226 1665 1303 1728 Cer·

177 1778 297 1840 manici
339 1777 432 1841 bellis
474 1784 586 1841 contra
627 1777 750 1841 Marsos
786 1777 982 1862 Chattosque
995 1783 1019 1856 ⁴)
1054 1798 1159 1863 neque
1194 1780 1227 1842 in
1263 1780 1304 1842 iis

176 1896 290 1954 contra
325 1891 381 1954 hos
415 1891 454 1954 ab
489 1892 561 1955 aliis
596 1892 845 1976 imperatoribus
879 1890 1011 1970 factis³)
1038 1912 1141 1976 neque
1165 1911 1302 1976 usquam

176 2005 256 2068 alibi
269 2003 302 2088 ⁶),
335 2005 390 2068 abi
422 2025 479 2089 pro
514 2012 601 2069 certo
638 2008 757 2069 mentio
792 2007 831 2070 de
865 2007 905 2070 iis
939 2006 1007 2070 fieri
1033 2007 1195 2088 debuerat,
1217 2008 1246 2070 si
1270 2009 1303 2070 in

177 2118 350 2183 Germania
374 2118 570 2183 Occidentati
595 2119 800 2184 habitassent.
824 2118 942 2183 Contra
965 2122 997 2182 in
1020 2119 1138 2182 Moesia
1160 2127 1190 2184 et
1203 2121 1304 2204 regio-

178 2232 277 2296 aibas
311 2235 428 2297 vicinis
463 2239 574 2317 postea
607 2233 706 2297 Saevi
740 2233 925 2297 indicantur
937 2231 971 2314 ⁷),
1006 2237 1062 2316 qui
1099 2241 1204 2297 utrum
1242 2235 1303 2318 ipsi

177 2345 277 2411 Saevi
311 2346 457 2411 Rhenani
493 2349 557 2411 sint
591 2368 630 2410 an
663 2348 716 2410 alii
737 2349 803 2429 jam
828 2347 995 2412 Strabonis
1018 2353 1161 2431 tempore
1185 2348 1302 2412 Istrum

178 2461 358 2525 accolentes
382 2459 471 2525 Getis
495 2463 668 2545 propinqui
681 2458 714 2543 ⁸),
738 2481 803 2524 non
827 2461 938 2542 retert3
963 2463 997 2525 in
1023 2461 1125 2526 Rheni
1149 2463 1302 2546 proximi·

178 2581 244 2638 tate
267 2593 428 2659 nusquam
454 2581 484 2640 et
509 2596 687 2660 namqaam
712 2582 783 2660 post
806 2596 926 2641 annum
954 2578 973 2640 9
997 2597 1022 2640 a.
1037 2576 1069 2640 C.
1094 2577 1134 2640 de
1153 2577 1193 2640 iis
1214 2578 1303 2659 quic-

179 2710 276 2772 quam
302 2690 446 2753 traditur.
469 2689 583 2773 Neque
607 2693 688 2755 aliae
709 2695 821 2774 gentes
842 2692 971 2772 majoris
991 2689 1170 2754 Saevoram
1185 2691 1304 2773 populi,

179 2823 261 2885 quas
296 2805 464 2867 nominant
494 2803 615 2868 Srsrso
629 2802 653 2880 9)
677 2809 708 2868 et
730 2803 862 2868 Tharros
879 2803 922 2885 ¹⁰),
946 2804 1067 2869 scilicet
1091 2802 1303 2888 Langobardi,

179 2915 366 2997 Semnones,
388 2915 620 2999 Hermunduri,
643 2916 873 2999 Marcomanni,
893 2937 1047 3000 umquam
1069 2918 1101 2979 in
1115 2919 1184 3001 ripa
1196 2916 1301 2981 Rheni

179 3030 271 3094 sedes
294 3035 477 3093 tenuerant.
501 3029 623 3096 Suevos
647 3050 724 3094 saos
748 3030 919 3095 Rhenanos
945 3031 1147 3095 Ptolemaeus
1172 3031 1305 3094 nonnisi

179 3143 325 3207 infante
347 3150 564 3207 anteaquam
590 3147 609 3207 9
633 3147 751 3228 scripto
775 3146 921 3209 invenire
944 3147 1049 3228 potuit
1064 3142 1106 3224 Η).

184 3323 326 3330 ———·

175 3493 184 3504 .
215 3425 242 3489 1)
261 3426 301 3478 51.
321 3425 362 3478 99.
380 3425 404 3476 6.

214 3516 242 3582 9)
260 3519 308 3568 Dio
326 3517 441 3582 Cassius,
459 3517 499 3568 55.
517 3516 541 3568 t.
559 3517 582 3568 2.

215 3608 242 3672 3)
259 3609 387 3673 Vellejas,
404 3610 437 3668 11,
453 3607 510 3674 tos,
528 3608 586 3659 109.

215 3701 241 3764 4)
260 3701 328 3765 Tae,
345 3701 414 3750 Anii.
432 3701 451 3764 l,
469 3699 510 3763 50,
527 3699 572 3763 55;
591 3700 624 3762 11,
641 3698 665 3764 7,
683 3698 725 3762 25,
741 3699 787 3757 tt;
805 3699 900 3750 Strabo
919 3700 972 3762 VII,
990 3698 1048 3750 aba.

215 3791 242 3856 5)
261 3793 317 3856 Dio,
333 3790 416 3844 6οι8.
434 3791 463 3855 7;
480 3792 548 3855 Tac,
566 3792 636 3842 dnn.
653 3792 710 3856 XII,
727 3791 768 3844 27.

157 3891 159 3896 ’
181 3950 184 3955 ι
214 3882 241 3947 6)
259 3884 289 3933 ln
307 3884 537 3947 Ampsivariorum
556 3883 713 3948 migratione
731 3884 811 3947 (Tac,
829 3884 898 3933 Ann.
918 3883 1129 3946 XIII,bC),bcllo
1141 3883 1300 3934 Chattorum

183 3975 490 4038 Hermundurorumqae
507 3975 554 4040 (ib.
573 3975 642 4039 ΧΙΙΙ,
659 3974 717 4039 57);
737 3975 805 4025 bello
825 3975 916 4024 Civilis
935 3975 1015 4038 (uisi.
1033 3976 1075 4038 ΙΙΙ,
1092 3973 1134 4037 37,
1152 3975 1206 4037 tu).

217 4067 242 4129 7)
261 4067 343 4117 Locos
362 4068 426 4117 citat
446 4067 600 4126 Bastarnae,
618 4067 653 4118 l.l.
672 4081 698 4131 p.
715 4065 765 4116 936
783 4081 823 4129 sq.

216 4157 244 4222 8)
261 4159 295 4210 ct.
313 4157 408 4209 Strabo
425 4157 478 4222 Vll,
495 4155 553 4208 990.

215 4247 244 4315 9)
260 4249 326 4300 ibid.

200 4337 242 4404 to)
261 4339 350 4392 Germ.
368 4338 402 4390 39
418 4354 476 4404 sqq.

199 4431 244 4496 u)
262 4433 299 4482 De
324 4431 419 4483 Suavis
444 4432 581 4482 Rhenanis
608 4432 763 4481 conteratur
790 4431 861 4481 Honz
888 4432 915 4480 in
943 4431 1065 4494 Beitrt'tge
1093 4446 1141 4481 zar
1158 4431 1305 4482 deutschen

183 4525 424 4576 Altertamskunde
451 4525 461 4574 Ι
492 4524 589 4588 (Ueber
613 4523 654 4573 die
673 4522 863 4574 Gerrnanisahe
883 4523 1044 4574 Vbtkertasel
1063 4523 1109 4574 des
1127 4523 1307 4587 Ptolemaeus)

1189 4613 1206 4666 3
