3244 5296
818 535 883 598 104

287 717 407 783 Gallias
451 721 588 784 mittitur
600 717 632 800 1).
673 718 735 785 Sed
778 722 835 803 qui
877 719 999 785 luerint
1033 719 1148 784 Franci
1182 720 1230 784 illi
1266 720 1317 784 vel
1354 717 1409 782 ubi

286 830 508 914 habitaverint,
547 853 611 896 non
646 834 784 915 additur,
817 835 863 897 ita
897 837 934 898 ut
968 835 1049 898 nihil
1087 851 1128 898 ex
1164 834 1253 897 hisce
1287 834 1410 896 notitiis

287 945 471 1029 proficimus
484 947 516 1027 2).
1017 1028 1025 1036 ι

329 1058 507 1124 'l’raotanda
542 1065 688 1143 superest
721 1059 842 1124 Notitia
866 1059 1079 1144 Dignitatum,
1105 1081 1201 1145 quam
1227 1081 1312 1124 anno
1336 1063 1412 1143 425,

286 1173 463 1258 imperante
498 1173 628 1238 Placido
653 1173 891 1257 Valentiniano,
913 1177 948 1238 in
973 1194 1042 1239 eam
1069 1194 1140 1240 esse
1163 1175 1323 1240 redactam
1348 1175 1411 1238 for-

289 1306 382 1368 mam,
416 1307 481 1370 qua
511 1306 599 1351 nunc
630 1306 698 1351 eam
724 1287 889 1370 habemus,
914 1286 1111 1352 Mouusnuus
1132 1284 1412 1365 demonstravit³t

289 1397 379 1475 Quae
421 1400 548 1464 duabus
591 1401 631 1465 de
672 1404 779 1466 causis
814 1421 832 1464 a
867 1401 960 1465 nobis
995 1408 1274 1482 commemoratur,
1308 1403 1412 1484 primo

288 1515 595 1595 proptcrgentium
630 1515 762 1577 nomina
795 1515 829 1576 in
854 1513 1051 1578 exercitibus
1074 1513 1229 1578 Romanis
1254 1514 1413 1596 stipendia

290 1627 493 1707 merentium,
539 1633 608 1690 tum
655 1633 785 1711 propter
827 1627 925 1706 „litus
970 1626 1198 1691 Saxonicum”.
1243 1626 1414 1692 Praeterea

290 1744 413 1822 partem
449 1759 598 1823 magnam
635 1741 775 1823 regionis
810 1759 908 1824 prope
938 1739 1087 1804 Rhenum
1123 1740 1307 1804 inferiorem
1334 1742 1413 1804 sitae

291 1871 355 1915 non
380 1853 518 1936 amplius
542 1853 675 1936 imperio
700 1835 876 1935 subjectam
890 1871 960 1917 esse
972 1858 1110 1936 apparot.
1124 1851 1217 1929 Quod
1231 1853 1271 1916 ad
1286 1855 1414 1917 nomina

292 1965 485 2050 populorum
521 1967 642 2046 attinet,
670 1966 754 2030 inter
777 1966 839 2029 alia
862 1965 957 2030 nobis
981 1968 1118 2049 cognita,
1143 1967 1182 2030 de
1206 1965 1325 2050 quibus
1346 1967 1414 2048 jam

292 2080 428 2163 egimus,
463 2077 628 2163 Menapios
662 2077 801 2142 Batavos
837 2077 940 2142 Salios
974 2077 1201 2142 Falchovarios
1236 2077 1414 2142 chamavos

292 2191 432 2256 Francos
474 2192 618 2257 Saxones
668 2191 815 2276 Tungros
857 2191 1061 2257 Frisiavones
1097 2191 1239 2257 Morinos
1274 2191 1415 2257 Herulos

292 2306 372 2386 dico,
407 2307 502 2370 etiam
538 2306 725 2389 Anglevarii
749 2304 1018 2383 enumerantur⁴)
1042 2305 1174 2370 aliunde
1197 2326 1261 2369 non
1286 2308 1415 2389 cogniti.

293 2418 490 2483 Pauomonus
514 2419 585 2484 ideo
609 2420 821 2502 Angrivarios
847 2421 924 2504 legit
937 2421 959 2499 5)
983 2426 1014 2484 et
1038 2421 1108 2484 sinc
1132 2419 1240 2499 dubie,
1259 2419 1335 2483 licet
1346 2422 1414 2502 ipsa

293 2534 560 2616 Angrivariorum
591 2552 671 2618 gens
703 2541 774 2617 post
807 2534 946 2598 Taorrnu
959 2532 982 2612 6)
1017 2534 1290 2608 Pronnuanuuoun
1303 2531 1326 2611 ⁷)
1350 2553 1414 2597 non

294 2654 449 2730 occurrat,
485 2667 601 2712 nomen
636 2667 747 2712 eorum
784 2667 886 2731 aeque
910 2668 946 2712 ao
970 2667 1036 2732 eg.
1061 2646 1267 2728 Batavorum,
1293 2648 1415 2711 cohorti

294 2761 344 2824 vel
388 2762 457 2825 alae
498 2762 548 2825 vel
591 2780 726 2826 numero
760 2761 961 2844 attributum,
996 2779 1053 2845 per
1087 2761 1215 2826 saecula
1249 2779 1414 2825 remancre

328 3120 356 3186 l)
375 3121 485 3172 lhidem.

328 3211 355 3270 2)
376 3212 497 3263 Exeunte
522 3214 629 3264 saeculo
652 3217 748 3277 quarto
766 3212 808 3262 vel
825 3213 938 3263 ineunte
954 3213 1050 3277 quinto
1067 3213 1114 3276 qui
1132 3212 1338 3262 commentarios
1356 3227 1419 3262 suos

295 3303 402 3368 scripsit
428 3302 538 3354 Servius
563 3304 633 3368 (Vid.
659 3303 768 3366 Schanz,
794 3304 870 3354 Rom.
894 3303 956 3353 Litt.
983 3303 1026 3365 lV,
1051 3304 1074 3366 l,
1093 3318 1118 3367 p.
1135 3301 1205 3367 156),
1224 3304 1329 3368 egregie
1346 3309 1419 3353 errat

295 3396 328 3446 de
351 3396 445 3446 Rheno
462 3397 500 3446 sic
517 3395 637 3446 scribens
656 3395 695 3458 (in
714 3396 791 3459 Verg.
809 3395 875 3445 Aen.
892 3395 960 3458 Vlll,
979 3392 1053 3457 lah:
1074 3409 1137 3458 aper
1153 3394 1220 3444 duos
1238 3395 1326 3444 alveos
1348 3394 1421 3461 fluit,

296 3504 344 3552 per
360 3503 455 3552 uuum,
472 3502 524 3551 qua
542 3487 693 3538 Romanum
712 3488 856 3551 imperium
874 3492 923 3551 cst,
942 3502 989 3551 per
1005 3488 1130 3550 alterum,
1148 3501 1202 3551 qua
1219 3487 1342 3537 interluit
1358 3487 1419 3537 har-

296 3580 382 3643 haros,
400 3579 445 3629 uhi
460 3579 516 3642 jam
534 3577 617 3629 Vahal
635 3578 735 3629 dicitur
753 3583 779 3628 et
797 3577 861 3628 lacit
879 3579 996 3629 insulam
1006 3577 1192 3629 Batavorum.’'
1202 3578 1305 3628 Nomen
1315 3578 1419 3629 insulae

297 3671 417 3721 noudum
435 3671 463 3719 in
481 3670 687 3720 desuetudinem
705 3669 801 3720 abiisse
820 3670 952 3721 videmus.

330 3760 357 3828 3)
376 3762 488 3812 Hermes
504 3760 546 3825 36,
564 3777 588 3826 p.
606 3761 747 3813 stt-547.

248 3839 251 3843 “
330 3852 359 3918 r)
376 3852 421 3905 cr.
438 3853 469 3917 v,
486 3853 526 3917 ra,
544 3852 585 3905 aa.
604 3853 711 3918 (επακ,
729 3855 765 3906 u.
783 3870 808 3919 p.
826 3853 868 3918 m,
886 3853 939 3918 m).

331 3945 358 4010 5)
377 3946 459 3996 Zruss
476 3946 525 4011 (ll.
543 3960 568 4009 p.
586 3943 655 4009 ⁴95),
673 3944 855 4009 Ampsivarios
873 3945 945 4010 legit.

331 4035 359 4101 6)
376 4037 445 4087 hnn.
463 4037 495 4100 Il,
513 4035 553 4100 l9,
572 4035 617 4100 413
635 4037 725 4087 Germ.
742 4034 776 4086 33
793 4050 831 4099 sq.

332 4128 359 4194 7)
376 4128 408 4190 ll,
425 4127 442 4177 9
467 4129 604 4192 (Mithra,
629 4143 654 4191 p.
672 4125 742 4189 260).
760 4127 828 4178 Cum
846 4127 888 4188 iis,
907 4140 976 4189 quae
994 4127 1022 4175 in
1040 4125 1263 4188 praecedentibus
1282 4124 1314 4174 de
1332 4123 1420 4173 Ptole·

299 4233 374 4270 macc
391 4220 587 4284 antiquioribus
605 4219 724 4270 lontibus
742 4222 835 4269 utente
853 4217 1059 4282 disputavimus,
1073 4217 1237 4280 conseratur,
1253 4216 1321 4280 quod
1332 4214 1422 4265 Tacito

298 4325 408 4362 auctore
426 4311 453 4360 in
473 4311 664 4361 Bructerorum
684 4310 751 4360 hares
769 4310 983 4374 immigraverint
1001 4309 1109 4359 sedibus
1126 4308 1306 4358 anterioribus
1321 4307 1422 4356 relictis

299 4404 365 4470 (vid.
391 4405 512 4468 Barnun,
539 4404 576 4456 l.l.
600 4419 625 4466 p.
650 4401 721 4466 866),
748 4404 819 4466 apud
839 4403 1023 4453 Ptolemaeum
1043 4402 1150 4452 veroin
1170 4401 1235 4464 ipsis
1254 4400 1296 4449 his
1314 4398 1421 4449 sedibus

299 4495 478 4547 anterioribus
495 4495 678 4546 inveniantur.
