3244 5296
714 533 777 598 107

184 720 339 803 populum
375 720 454 802 quin
490 721 585 783 etiam
620 721 739 784 rexerit
773 718 1024 800 chlodovechus,
1059 737 1123 782 non
1151 718 1308 800 estquod

184 832 388 912 dubitemus;
410 852 551 915 cumque
563 833 615 896 hic
628 852 684 898 rex
698 832 856 897 Saliorum
868 832 965 898 fuerit
977 837 1063 911 (nam
1077 831 1224 915 Ripuerii
1236 851 1311 916 rege

185 947 314 1010 demum
339 946 508 1030 sigiberto,
532 948 588 1030 qni
611 948 697 1030 apud
711 946 875 1011 Coloniam
888 946 1052 1031 regnabat,
1065 952 1189 1010 mortuo
1202 965 1308 1031 regem

184 1080 258 1125 eum
283 1062 519 1124 constituerunt
536 1060 576 1138 ¹))
595 1059 754 1126 Saliorum
779 1079 909 1144 quoque
932 1060 1128 1124 Francorum
1140 1079 1198 1124 rex
1209 1060 1310 1125 fuisse

185 1174 278 1238 debet
299 1173 441 1256 Oblogio,
461 1179 558 1257 atque
570 1174 670 1256 igitur
682 1193 722 1237 ex
735 1173 894 1238 Saliorum
907 1176 1010 1254 terris,
1023 1193 1104 1256 quas
1116 1174 1149 1237 in
1162 1172 1310 1238 Texuan·

185 1287 255 1349 dria
276 1286 377 1351 fuisse
401 1287 551 1367 vidimus,
575 1306 679 1370 usque
704 1287 743 1351 ad
768 1287 937 1350 Atrebates
961 1285 1095 1351 Galliam
1122 1289 1309 1371 pervasisse.

230 1399 278 1464 De
312 1399 487 1483 Chlogione
522 1401 607 1483 apud
633 1399 851 1477 unumunurn
877 1402 954 1464 baec
978 1400 1133 1484 legimus:
1158 1401 1309 1465 Tradunt

185 1513 276 1576 multi
297 1512 465 1593 (Francos)
486 1514 623 1593 primum
646 1515 770 1600 qaudam
790 1514 885 1578 litora
897 1513 1001 1578 Rheni
1013 1515 1310 1592 amnisincolnisse;

186 1628 297 1692 danim
321 1632 480 1692 transacto
503 1627 612 1692 Rheno
636 1628 841 1710 Thorinpiom
861 1627 1310 1714 transrueasse;ibiquejuata

184 1761 280 1824 papas
303 1743 351 1807 acl
373 1742 512 1806 ciuitates
535 1762 619 1824 rapae
641 1743 772 1806 minitas
790 1762 884 1826 super
902 1743 1097 1806 secreaaisea
1109 1791 1115 1805 .
1129 1792 1134 1801 .
1149 1791 1154 1803 .
1169 1791 1175 1805 .
1190 1741 1311 1807 Ferunt

187 1857 279 1920 etiam
313 1861 389 1919 tunc
426 1853 619 1936 Oblopionem
640 1855 745 1920 utilem
768 1877 806 1920 ac
828 1856 1055 1920 nobilissimum
1080 1855 1112 1918 in
1133 1863 1221 1938 pente
1242 1875 1311 1936 suu,

185 1989 288 2052 repam
311 1969 506 2033 Francorum
528 1969 637 2052 fuisse,
661 1973 716 2054 qui
738 1969 826 2048 apud
843 1967 1037 2052 Dispurpum
1049 1967 1312 2054 babitabut,quod

186 2087 232 2145 eet
262 2083 296 2145 iu
331 2082 462 2146 termino
496 2082 736 2164 Thorinporum.
767 2083 810 2147 ln
833 2082 1010 2146 bisantem
1031 2082 1186 2162 partibus,
1209 2083 1245 2146 id
1267 2087 1312 2146 est

186 2196 230 2258 ad
263 2195 495 2260 meridionalem
524 2196 664 2280 plupam,
687 2195 870 2260 habitabant
894 2189 1030 2260 Romani
1053 2215 1151 2282 usque
1173 2195 1311 2278 Liparim

184 2307 338 2386 fluvium
360 2310 446 2373 ultra
471 2309 609 2393 Liparim
632 2330 703 2372 aero
724 2309 832 2374 Gottbi
851 2309 1094 2374 dominabantur
1107 2358 1113 2372 .
1126 2360 1132 2372 .
1147 2359 1152 2371 .
1167 2359 1173 2372 .
1187 2308 1313 2391 Gblapio

186 2427 290 2485 ouum
313 2422 416 2486 missis
438 2422 685 2506 coniuratoribus
708 2422 752 2486 ad
770 2422 874 2486 urbem
888 2421 1107 2501 Camaracum,
1116 2422 1312 2501 perlustrata

187 2536 293 2598 omniu
315 2536 381 2618 ipse
400 2541 533 2615 secutus,
553 2535 713 2599 Romanos
722 2536 862 2616 proterit,
874 2536 1028 2600 multatam
1040 2534 1312 2615 adprehendimus

187 2667 252 2731 qua
270 2667 408 2727 paucum
429 2655 551 2732 tempus
559 2649 703 2712 residens
714 2669 813 2733 usque
825 2647 989 2713 Summam
998 2648 1131 2727 fiuvium
1143 2649 1312 2728 occupauit.

230 2761 269 2823 In
305 2761 411 2825 locum
448 2760 599 2845 Dispergi
632 2765 796 2846 inquirere
831 2763 1002 2840 nolumus3
1035 2765 1113 2826 satis
1136 2762 1230 2827 nobis
1254 2770 1311 2844 est,

188 2875 273 2957 quod
298 2893 338 2939 ex
364 2876 423 2938 hoc
446 2876 515 2939 loco
539 2882 668 2959 apparet
691 2876 832 2940 Francos
852 2876 964 2956 Salios,
978 2883 1146 2960 postquam
1159 2875 1309 2940 Rhenum

188 2989 389 3069 traJeoerunt,
420 2991 452 3051 in
484 2989 688 3072 'l’horingiam
716 2991 842 3053 venisse
865 2989 976 3072 ibique
1000 2990 1199 3072 aliquamdiu
1224 2989 1311 3053 habi·

188 3109 273 3166 tasse
308 3107 339 3167 et
368 3103 445 3166 inde
479 3102 686 3186 Ohlogionem
722 3102 930 3166 Camaracum
969 3122 1082 3167 versus
1113 3102 1194 3166 fines
1221 3105 1319 3186 regni.

188 3217 388 3296 extendisse,
424 3237 497 3282 nem
535 3238 730 3301 quamquam
767 3217 806 3281 ab
841 3219 936 3281 Aetio
972 3219 1077 3281 victus
1113 3223 1170 3298 ost,
1193 3220 1311 3300 posteri

188 3332 257 3412 ejus
293 3351 423 3414 quoque
458 3330 620 3412 Camaraci
656 3339 797 3414 regnant.
833 3331 871 3393 In
908 3330 1171 3413 praecedentibus
1203 3339 1309 3394 autem

188 3444 292 3508 Salios
325 3444 438 3508 Rheno
475 3451 635 3509 transacto
670 3447 703 3508 in
734 3446 916 3508 Toxandria
940 3445 1031 3509 sedes
1055 3444 1207 3508 habuisse
1231 3444 1311 3507 ridi-

188 3577 277 3636 mus,
312 3557 505 3642 duobusque
529 3560 578 3622 bis
601 3559 729 3622 indiciis
750 3560 873 3641 junctis
895 3558 1100 3640 thoringiam
1125 3558 1212 3622 illam
1237 3577 1311 3622 een·

188 3671 259 3735 dem
284 3670 385 3736 fuisse
408 3691 444 3734 ac
466 3671 680 3735 Toxandriam
706 3673 756 3736 vel
779 3672 978 3736 Toxandriae
998 3677 1118 3754 partem
1140 3691 1203 3734 non
1218 3673 1312 3754 sequi

188 3804 252 3847 non
289 3790 393 3867 potest
405 3785 443 3864 Ἣ
480 3805 552 3848 nam
585 3787 687 3868 ipsam
713 3785 906 3850 Batavorum
930 3785 1071 3850 insulam
1096 3787 1156 3849 hoc
1180 3788 1312 3850 nomine

222 4029 246 4088 l)
265 4030 342 4092 Greg.
359 4029 421 4079 Tur.
441 4028 473 4088 11,
489 4027 532 4092 ll),
548 4030 581 4080 ol.
600 4030 713 4080 Bentian
732 4030 768 4080 l.l.
787 4045 812 4092 p.
830 4028 888 4080 886.

220 4119 247 4183 2)
266 4119 330 4170 ibid.
356 4119 384 4183 9;
407 4119 478 4168 idem
504 4120 573 4182 apud
601 4120 711 4184 Fredeg.
737 4121 806 4183 Epit.
830 4121 878 4176 IX:
897 4123 991 4184 quanti
1009 4122 1043 4170 sit
1063 4123 1142 4184 pretii
1161 4120 1312 4185 Gregorius,

187 4211 311 4274 quamvis
334 4226 386 4260 non
406 4225 513 4273 semper
529 4212 694 4262 credendum
712 4212 736 4261 ei
755 4212 797 4272 sit,
817 4213 914 4262 Moron
932 4214 1124 4262 demonstravit
1143 4212 1241 4275 (Etude
1259 4213 1311 4262 cri·

188 4303 263 4365 tique
290 4316 337 4351 sur
361 4302 401 4352 les
427 4316 535 4352 sources
561 4302 593 4351 de
620 4302 749 4352 l‘histoire
777 4303 1003 4366 Merovingienne,
1023 4302 1088 4352 ssihl.
1106 4303 1137 4351 de
1156 4303 1246 4352 l'eoole
1265 4303 1311 4352 des

189 4395 284 4443 hautes
303 4394 397 4444 eludes
415 4408 457 4443 no.
475 4391 512 4453 8).

222 4483 250 4546 3)
269 4484 376 4535 Nullam
394 4487 583 4535 auctoritatem
601 4487 776 4549 scriptoribus
796 4487 884 4537 tribuo
903 4487 1097 4536 recenlioribus
1114 4487 1203 4536 locum
1222 4491 1310 4536 trans·
