3244 5296
843 581 907 644 154

312 765 345 827 in
371 765 501 849 regione
524 765 645 832 Sussex
660 763 682 844 ¹)
707 771 931 830 ornamentum
953 768 1092 830 occurrit
1112 771 1264 850 quattuor
1275 766 1431 830 linearum

312 880 432 942 circum
468 878 587 944 collum
623 880 791 944 ductarum
807 881 847 958 ⁹),
883 887 952 943 tum
992 900 1029 961 ,a
1054 879 1159 944 round
1183 879 1267 961 body
1294 881 1369 944 with
1393 901 1431 943 an

312 993 521 1056 ornamented
544 997 667 1076 patteru
694 991 728 1055 of
749 993 839 1056 short
864 990 969 1056 liues”
994 997 1119 1076 praeter
1134 991 1247 1073 „dots”
1261 993 1433 1057 nonnullas
1482 1063 1486 1070 ,

312 1106 397 1190 ipsas
432 1107 570 1171 ostendit
605 1107 706 1171 lineas
742 1106 1020 1190 perpendiculares
1034 1103 1073 1187 ³),
1111 1125 1128 1170 e
1159 1106 1289 1189 regione
1313 1105 1434 1188 Surrey

312 1224 444 1284 annotat
468 1218 670 1298 Gmrrrrrr‘t:
698 1221 807 1301 „there
831 1239 884 1284 are
907 1221 1030 1285 several
1054 1221 1140 1303 plain
1165 1221 1432 1284 andsomeorna-

314 1334 439 1398 mented
476 1326 562 1398 with'
588 1340 719 1419 stampe,
744 1334 824 1398 lines
848 1335 911 1398 and
936 1334 1057 1416 besses,
1080 1334 1173 1398 alone
1197 1353 1233 1397 or
1255 1335 1288 1396 iu
1315 1335 1433 1399 combi-

313 1446 454 1511 natiou.''
475 1446 603 1532 Ubique
623 1450 721 1532 igitur
745 1447 978 1530 ejusdemmodi
1002 1448 1215 1511 inveniuntur
1238 1455 1436 1531 ornamenta,

313 1579 418 1643 neque
441 1567 563 1626 certum
588 1561 720 1646 aliquod
745 1563 909 1626 criterium
934 1561 1060 1625 obviam
1085 1566 1142 1644 est,
1168 1581 1232 1645 quo
1256 1562 1434 1645 Anglicaa

312 1672 482 1739 Saxonicis
515 1677 740 1759 sejungamus3
777 1682 809 1738 at
841 1675 963 1739 formae
986 1693 1116 1759 quoque
1140 1676 1255 1756 variae,
1277 1675 1434 1738 rotundae

313 1787 363 1850 vel
398 1787 517 1871 angulo
552 1794 644 1852 acuto
681 1788 729 1852 vel
754 1787 888 1852 obtusae
911 1789 963 1851 vel
986 1787 1047 1851 alio
1072 1789 1165 1850 modo
1188 1788 1290 1852 factae
1314 1788 1434 1872 ubique

314 1900 463 1964 videntur
477 1898 501 1978 5)
538 1900 687 1966 Fortasse
711 1907 820 1985 postea
843 1920 948 1965 novae
971 1901 1139 1965 effusiones
1163 1921 1279 1964 novam
1304 1901 1434 1985 praebe·

313 2013 394 2078 bunt
428 2013 549 2095 lucem;
587 2018 731 2079 nuncin
756 2015 937 2078 Brittannia
961 2015 1089 2098 quidem
1114 2016 1199 2079 inter
1222 2034 1256 2079 se
1280 2015 1434 2098 distingui

312 2147 375 2191 nou
400 2134 536 2212 possunt
560 2149 636 2193 vasa
659 2127 769 2192 fictilia
793 2128 929 2212 Anglica
954 2134 985 2192 et
1008 2127 1175 2192 Saxonica.

357 2240 558 2316 Quibuscum
584 2244 610 2306 si
635 2262 859 2326 comparamus
883 2261 934 2307 res
958 2244 991 2304 in
1010 2244 1080 2326 ipsu
1104 2243 1310 2325 antiquorum
1334 2242 1433 2307 Saxo-

311 2375 389 2419 num
422 2358 525 2440 patria
556 2364 707 2440 repertas,
738 2376 791 2421 eas
811 2357 977 2440 imprimis,
1002 2375 1084 2439 quae
1108 2375 1125 2420 e
1148 2361 1233 2420 terra
1257 2362 1434 2440 protractae

312 2475 389 2533 sunt
412 2471 445 2532 in
471 2471 600 2554 regione
623 2471 707 2533 inter
729 2469 895 2553 Visurgim
920 2469 1096 2553 Albimque
1118 2469 1295 2552 inferiores,
1320 2471 1430 2535 eudem

314 2583 468 2648 videmus.
513 2583 648 2648 Maximi
692 2585 844 2647 momenti
887 2583 979 2648 nobis
1014 2584 1201 2648 effossiones
1236 2590 1313 2649 suut
1347 2585 1434 2669 apud

312 2696 465 2782 Perlberg
500 2705 531 2762 ct
564 2697 707 2763 Wehdeu
740 2698 850 2779 laetae,
882 2697 1061 2781 descriptae
1084 2718 1101 2760 a
1125 2697 1154 2761 d.
1178 2697 1218 2761 H.
1243 2698 1376 2762 Mundus
1398 2701 1432 2762 iu

312 2829 407 2894 opere
442 2831 467 2874 o.
492 2817 512 2875 t.
551 2811 651 2893 ,Vor-
687 2812 753 2875 und
787 2811 1110 2895 frdhgesohichtliche
1136 2813 1354 2876 Alterthiimer
1378 2813 1435 2878 der

206 2952 208 2956 ·
311 2923 451 2989 Provinz
475 2923 713 3003 Hannover”⁶).
742 2924 831 2988 luter
856 2925 985 2988 vascula
1004 2924 1247 3009 Perlbergeusia
1266 2945 1433 2990 ornamen-

312 3042 380 3101 tum
401 3039 594 3122 angulorum
616 3057 675 3122 ope
695 3038 875 3102 conlectum
892 3038 1433 3122 recurriteBerlrshirensibusjam

343 3263 371 3326 l)
389 3263 416 3314 C.
436 3265 465 3314 H.
485 3265 568 3329 Raso,
594 3263 635 3314 Ou
662 3261 831 3313 exescutione
859 3261 886 3312 in
914 3277 928 3311 a
955 3267 1087 3327 cemetery
1114 3264 1142 3313 ol
1166 3263 1250 3314 Soutlr
1277 3263 1376 3314 Sancus
1399 3279 1433 3315 on

312 3355 380 3419 High
400 3357 491 3405 Dowu.
510 3356 589 3406 Arch.
608 3354 648 3417 54,
668 3353 717 3405 369
736 3369 794 3418 sqq.

345 3449 373 3512 2)
390 3449 464 3511 ibid,
482 3463 507 3510 p.
523 3446 573 3498 373
592 3447 635 3512 fig.
653 3445 676 3497 3.

344 3540 372 3606 3)
391 3541 463 3602 lbid,
481 3555 505 3602 p.
524 3538 574 3588 376
594 3538 636 3602 fig.
654 3536 677 3601 5.

345 3632 370 3693 l)
389 3632 417 3683 F.
445 3633 488 3681 Lu.
515 3630 658 3692 Garrnrrn,
689 3628 774 3678 Saxou
802 3629 959 3691 antiquities
987 3629 1067 3678 found
1095 3635 1121 3678 at
1148 3629 1277 3694 Croydou.
1302 3615 1375 3682 Proc.
1401 3633 1434 3697 ll,

312 3723 352 3785 15,
370 3722 420 3773 328
439 3737 496 3786 sqq.

343 3815 371 3879 5)
389 3815 426 3864 De
444 3813 536 3865 Cantia
555 3813 625 3864 idem
644 3813 709 3864 dicit
725 3813 746 3863 J.
768 3813 857 3862 Bnnnr
876 3813 904 3862 iu
920 3812 1000 3863 Arolr.
1015 3811 1057 3876 tl,
1077 3829 1101 3876 p.
1120 3812 1184 3864 418:
1205 3815 1265 3865 athe
1285 3815 1389 3866 lashiou
1407 3818 1436 3866 ol

310 3907 356 3956 the
383 3910 487 3970 pcttery
515 3920 567 3956 was
596 3905 715 3968 vurious;
741 3904 895 3954 sometimes
922 3905 943 3954 it
969 3905 1031 3954 took
1050 3905 1096 3955 the
1114 3907 1195 3969 shupe
1214 3907 1243 3956 of
1259 3906 1304 3958 the
1323 3909 1433 3959 modern

310 4003 387 4061 squat
413 3997 537 4062 beer-jug
566 3997 629 4046 with
656 3996 775 4058 bundles,
802 3997 956 4045 sometimes
982 4011 1022 4046 we
1050 3997 1105 4046 sind
1131 4013 1165 4048 au
1183 3999 1316 4064 elegautly
1335 4000 1434 4064 shaped

309 4090 487 4154 long-neuked
506 4090 599 4152 cessei,
617 4088 770 4138 sometimes
789 4103 802 4136 u
821 4087 898 4136 small
916 4089 1127 4151 open-rnoutlred
1148 4104 1198 4140 one
1217 4091 1246 4140 ol
1263 4091 1434 4142 thecoarsest

310 4179 471 4229 materials‘.'’

342 4268 370 4335 6)
388 4286 412 4333 p.
440 4270 487 4320 117
506 4285 571 4334 sqq,
596 4268 657 4334 1983
685 4272 712 4320 in
731 4272 824 4322 eodem
843 4273 910 4322 libro
929 4287 997 4335 quae
1015 4271 1206 4321 describuntur
1224 4273 1294 4336 apud
1313 4273 1433 4323 Rebens·

308 4363 363 4411 tort
375 4366 401 4411 et
420 4361 549 4411 lsseutorl
564 4362 673 4411 iuventa
694 4363 783 4412 minus
801 4378 862 4413 cum
883 4362 1044 4412 Britannicis
1061 4367 1222 4426 congruunt.
1241 4363 1279 4412 Ad
1291 4363 1434 4428 Perleberg

310 4452 379 4515 quod
408 4453 505 4502 attinet
529 4454 640 4503 adeatur
659 4455 767 4504 Knuusu
785 4455 813 4504 iu
833 4454 940 4505 Archiv.
959 4454 976 4503 l.
996 4453 1090 4504 Gesch.
1108 4469 1135 4504 u.
1153 4453 1248 4504 Altert.
1267 4456 1291 4505 d.
1314 4457 1434 4521 Herzogt.

313 4545 427 4595 Bremen
448 4561 475 4596 u.
497 4545 609 4608 Verden,
629 4547 660 4610 ll,
681 4545 739 4596 Vlll
756 4551 782 4596 et
801 4547 940 4611 Catulogus
958 4545 1044 4596 musei
1061 4545 1204 4598 stadensis.
